{"e":"trade","E":1641385620704,"s":"BTCUSDT","t":1211419474,"p":"46087.64000000","q":"0.05324000","b":8865731472,"a":8865731395,"T":1641385620704,"m":false,"M":true}
{"e":"trade","E":1641385621057,"s":"BTCUSDT","t":1211419475,"p":"46087.80000000","q":"0.00228000","b":8865731504,"a":8865731535,"T":1641385621056,"m":true,"M":true}
{"e":"trade","E":1641385621135,"s":"BTCUSDT","t":1211419476,"p":"46087.81000000","q":"0.00137000","b":8865731546,"a":8865731317,"T":1641385621134,"m":false,"M":true}
{"e":"trade","E":1641385621155,"s":"BTCUSDT","t":1211419477,"p":"46087.81000000","q":"0.00242000","b":8865731551,"a":8865731317,"T":1641385621155,"m":false,"M":true}
{"e":"trade","E":1641385621194,"s":"BTCUSDT","t":1211419478,"p":"46087.81000000","q":"0.02000000","b":8865731561,"a":8865731317,"T":1641385621194,"m":false,"M":true}
{"e":"trade","E":1641385621203,"s":"BTCUSDT","t":1211419479,"p":"46087.81000000","q":"0.00538000","b":8865731562,"a":8865731317,"T":1641385621202,"m":false,"M":true}
{"e":"trade","E":1641385621509,"s":"BTCUSDT","t":1211419480,"p":"46090.24000000","q":"0.00687000","b":8865731622,"a":8865731653,"T":1641385621509,"m":true,"M":true}
{"e":"trade","E":1641385621510,"s":"BTCUSDT","t":1211419481,"p":"46090.24000000","q":"0.00686000","b":8865731622,"a":8865731654,"T":1641385621510,"m":true,"M":true}
{"e":"trade","E":1641385621510,"s":"BTCUSDT","t":1211419482,"p":"46090.24000000","q":"0.00687000","b":8865731622,"a":8865731655,"T":1641385621510,"m":true,"M":true}
{"e":"trade","E":1641385621597,"s":"BTCUSDT","t":1211419483,"p":"46090.25000000","q":"0.00263000","b":8865731663,"a":8865731386,"T":1641385621597,"m":false,"M":true}
{"e":"trade","E":1641385621610,"s":"BTCUSDT","t":1211419484,"p":"46090.24000000","q":"0.00027000","b":8865731622,"a":8865731666,"T":1641385621610,"m":true,"M":true}
{"e":"trade","E":1641385621637,"s":"BTCUSDT","t":1211419485,"p":"46090.24000000","q":"0.00227000","b":8865731622,"a":8865731668,"T":1641385621637,"m":true,"M":true}
{"e":"trade","E":1641385621756,"s":"BTCUSDT","t":1211419486,"p":"46090.25000000","q":"0.00860000","b":8865731674,"a":8865731386,"T":1641385621755,"m":false,"M":true}
{"e":"trade","E":1641385621773,"s":"BTCUSDT","t":1211419487,"p":"46090.25000000","q":"0.00038000","b":8865731675,"a":8865731386,"T":1641385621772,"m":false,"M":true}
{"e":"trade","E":1641385621886,"s":"BTCUSDT","t":1211419488,"p":"46090.25000000","q":"0.00272000","b":8865731691,"a":8865731386,"T":1641385621886,"m":false,"M":true}
{"e":"trade","E":1641385622307,"s":"BTCUSDT","t":1211419489,"p":"46091.15000000","q":"0.00022000","b":8865731733,"a":8865730602,"T":1641385622307,"m":false,"M":true}
{"e":"trade","E":1641385622315,"s":"BTCUSDT","t":1211419490,"p":"46091.15000000","q":"0.00272000","b":8865731734,"a":8865730602,"T":1641385622314,"m":false,"M":true}
{"e":"trade","E":1641385622315,"s":"BTCUSDT","t":1211419491,"p":"46091.88000000","q":"0.00016000","b":8865731734,"a":8865731631,"T":1641385622314,"m":false,"M":true}
{"e":"trade","E":1641385622555,"s":"BTCUSDT","t":1211419492,"p":"46091.87000000","q":"0.00921000","b":8865731735,"a":8865731755,"T":1641385622555,"m":true,"M":true}
{"e":"trade","E":1641385622699,"s":"BTCUSDT","t":1211419493,"p":"46091.87000000","q":"0.00036000","b":8865731735,"a":8865731760,"T":1641385622699,"m":true,"M":true}
{"e":"trade","E":1641385622769,"s":"BTCUSDT","t":1211419494,"p":"46091.88000000","q":"0.00065000","b":8865731764,"a":8865731631,"T":1641385622768,"m":false,"M":true}
{"e":"trade","E":1641385623547,"s":"BTCUSDT","t":1211419495,"p":"46091.88000000","q":"0.02164000","b":8865731807,"a":8865731631,"T":1641385623547,"m":false,"M":true}
{"e":"trade","E":1641385623676,"s":"BTCUSDT","t":1211419496,"p":"46091.87000000","q":"0.00290000","b":8865731753,"a":8865731811,"T":1641385623676,"m":true,"M":true}
{"e":"trade","E":1641385623707,"s":"BTCUSDT","t":1211419497,"p":"46091.87000000","q":"0.00055000","b":8865731753,"a":8865731814,"T":1641385623707,"m":true,"M":true}
{"e":"trade","E":1641385623764,"s":"BTCUSDT","t":1211419498,"p":"46091.87000000","q":"0.03674000","b":8865731753,"a":8865731818,"T":1641385623764,"m":true,"M":true}
{"e":"trade","E":1641385624078,"s":"BTCUSDT","t":1211419499,"p":"46091.88000000","q":"0.05762000","b":8865731851,"a":8865731631,"T":1641385624078,"m":false,"M":true}
{"e":"trade","E":1641385624088,"s":"BTCUSDT","t":1211419500,"p":"46091.88000000","q":"0.00527000","b":8865731852,"a":8865731631,"T":1641385624087,"m":false,"M":true}
{"e":"trade","E":1641385624140,"s":"BTCUSDT","t":1211419501,"p":"46091.87000000","q":"0.00475000","b":8865731753,"a":8865731856,"T":1641385624139,"m":true,"M":true}
{"e":"trade","E":1641385624179,"s":"BTCUSDT","t":1211419502,"p":"46091.87000000","q":"0.00432000","b":8865731753,"a":8865731866,"T":1641385624178,"m":true,"M":true}
{"e":"trade","E":1641385624944,"s":"BTCUSDT","t":1211419503,"p":"46091.88000000","q":"0.00566000","b":8865731948,"a":8865731781,"T":1641385624944,"m":false,"M":true}
{"e":"trade","E":1641385625013,"s":"BTCUSDT","t":1211419504,"p":"46091.88000000","q":"0.00349000","b":8865731955,"a":8865731781,"T":1641385625013,"m":false,"M":true}
{"e":"trade","E":1641385625415,"s":"BTCUSDT","t":1211419505,"p":"46091.88000000","q":"0.01178000","b":8865731975,"a":8865731781,"T":1641385625415,"m":false,"M":true}
{"e":"trade","E":1641385625760,"s":"BTCUSDT","t":1211419506,"p":"46091.87000000","q":"0.00506000","b":8865731753,"a":8865732013,"T":1641385625760,"m":true,"M":true}
{"e":"trade","E":1641385625800,"s":"BTCUSDT","t":1211419507,"p":"46091.88000000","q":"0.00032000","b":8865732017,"a":8865731781,"T":1641385625800,"m":false,"M":true}
{"e":"trade","E":1641385626234,"s":"BTCUSDT","t":1211419508,"p":"46091.87000000","q":"0.00855000","b":8865731753,"a":8865732036,"T":1641385626233,"m":true,"M":true}
{"e":"trade","E":1641385626245,"s":"BTCUSDT","t":1211419509,"p":"46091.87000000","q":"0.00297000","b":8865731753,"a":8865732037,"T":1641385626245,"m":true,"M":true}
{"e":"trade","E":1641385626400,"s":"BTCUSDT","t":1211419510,"p":"46091.87000000","q":"0.00212000","b":8865731753,"a":8865732062,"T":1641385626399,"m":true,"M":true}
{"e":"trade","E":1641385626660,"s":"BTCUSDT","t":1211419511,"p":"46091.87000000","q":"0.02816000","b":8865731753,"a":8865732119,"T":1641385626659,"m":true,"M":true}
{"e":"trade","E":1641385626660,"s":"BTCUSDT","t":1211419512,"p":"46091.87000000","q":"0.00047000","b":8865731757,"a":8865732119,"T":1641385626659,"m":true,"M":true}
{"e":"trade","E":1641385626660,"s":"BTCUSDT","t":1211419513,"p":"46091.87000000","q":"0.00797000","b":8865731762,"a":8865732119,"T":1641385626659,"m":true,"M":true}
{"e":"trade","E":1641385626883,"s":"BTCUSDT","t":1211419514,"p":"46091.87000000","q":"0.00040000","b":8865731762,"a":8865732165,"T":1641385626883,"m":true,"M":true}
{"e":"trade","E":1641385626928,"s":"BTCUSDT","t":1211419515,"p":"46091.87000000","q":"0.00651000","b":8865731762,"a":8865732169,"T":1641385626927,"m":true,"M":true}
{"e":"trade","E":1641385627034,"s":"BTCUSDT","t":1211419516,"p":"46091.88000000","q":"0.00107000","b":8865732177,"a":8865731924,"T":1641385627034,"m":false,"M":true}
{"e":"trade","E":1641385627621,"s":"BTCUSDT","t":1211419517,"p":"46091.88000000","q":"0.01000000","b":8865732215,"a":8865732154,"T":1641385627621,"m":false,"M":true}
{"e":"trade","E":1641385627721,"s":"BTCUSDT","t":1211419518,"p":"46091.87000000","q":"0.00029000","b":8865731762,"a":8865732217,"T":1641385627720,"m":true,"M":true}
{"e":"trade","E":1641385627721,"s":"BTCUSDT","t":1211419519,"p":"46091.87000000","q":"0.00030000","b":8865731776,"a":8865732217,"T":1641385627720,"m":true,"M":true}
{"e":"trade","E":1641385627721,"s":"BTCUSDT","t":1211419520,"p":"46091.87000000","q":"0.00027000","b":8865731777,"a":8865732217,"T":1641385627720,"m":true,"M":true}
{"e":"trade","E":1641385627721,"s":"BTCUSDT","t":1211419521,"p":"46091.87000000","q":"0.00053000","b":8865731831,"a":8865732217,"T":1641385627720,"m":true,"M":true}
{"e":"trade","E":1641385627721,"s":"BTCUSDT","t":1211419522,"p":"46091.87000000","q":"0.00029000","b":8865731854,"a":8865732217,"T":1641385627720,"m":true,"M":true}
{"e":"trade","E":1641385627721,"s":"BTCUSDT","t":1211419523,"p":"46091.87000000","q":"0.00035000","b":8865731919,"a":8865732217,"T":1641385627720,"m":true,"M":true}
{"e":"trade","E":1641385627721,"s":"BTCUSDT","t":1211419524,"p":"46091.87000000","q":"0.00027000","b":8865731977,"a":8865732217,"T":1641385627720,"m":true,"M":true}
{"e":"trade","E":1641385627721,"s":"BTCUSDT","t":1211419525,"p":"46091.87000000","q":"0.00028000","b":8865731985,"a":8865732217,"T":1641385627720,"m":true,"M":true}
{"e":"trade","E":1641385627721,"s":"BTCUSDT","t":1211419526,"p":"46091.87000000","q":"0.00027000","b":8865732014,"a":8865732217,"T":1641385627720,"m":true,"M":true}
{"e":"trade","E":1641385627721,"s":"BTCUSDT","t":1211419527,"p":"46091.87000000","q":"0.00029000","b":8865732019,"a":8865732217,"T":1641385627720,"m":true,"M":true}
{"e":"trade","E":1641385627721,"s":"BTCUSDT","t":1211419528,"p":"46091.87000000","q":"0.00048000","b":8865732024,"a":8865732217,"T":1641385627720,"m":true,"M":true}
{"e":"trade","E":1641385627721,"s":"BTCUSDT","t":1211419529,"p":"46091.87000000","q":"0.00031000","b":8865732027,"a":8865732217,"T":1641385627720,"m":true,"M":true}
{"e":"trade","E":1641385627721,"s":"BTCUSDT","t":1211419530,"p":"46091.87000000","q":"0.00047000","b":8865732034,"a":8865732217,"T":1641385627720,"m":true,"M":true}
{"e":"trade","E":1641385627721,"s":"BTCUSDT","t":1211419531,"p":"46091.87000000","q":"0.00027000","b":8865732040,"a":8865732217,"T":1641385627720,"m":true,"M":true}
{"e":"trade","E":1641385627721,"s":"BTCUSDT","t":1211419532,"p":"46091.87000000","q":"0.00027000","b":8865732067,"a":8865732217,"T":1641385627720,"m":true,"M":true}
{"e":"trade","E":1641385627721,"s":"BTCUSDT","t":1211419533,"p":"46091.87000000","q":"0.00036000","b":8865732077,"a":8865732217,"T":1641385627720,"m":true,"M":true}
{"e":"trade","E":1641385627721,"s":"BTCUSDT","t":1211419534,"p":"46091.87000000","q":"0.00027000","b":8865732093,"a":8865732217,"T":1641385627720,"m":true,"M":true}
{"e":"trade","E":1641385627721,"s":"BTCUSDT","t":1211419535,"p":"46091.87000000","q":"0.00027000","b":8865732096,"a":8865732217,"T":1641385627720,"m":true,"M":true}
{"e":"trade","E":1641385627721,"s":"BTCUSDT","t":1211419536,"p":"46091.87000000","q":"0.00049000","b":8865732173,"a":8865732217,"T":1641385627720,"m":true,"M":true}
{"e":"trade","E":1641385627721,"s":"BTCUSDT","t":1211419537,"p":"46091.87000000","q":"0.00113000","b":8865732176,"a":8865732217,"T":1641385627720,"m":true,"M":true}
{"e":"trade","E":1641385627743,"s":"BTCUSDT","t":1211419538,"p":"46091.87000000","q":"0.01511000","b":8865732176,"a":8865732220,"T":1641385627742,"m":true,"M":true}
{"e":"trade","E":1641385627743,"s":"BTCUSDT","t":1211419539,"p":"46091.87000000","q":"0.00048000","b":8865732182,"a":8865732220,"T":1641385627742,"m":true,"M":true}
{"e":"trade","E":1641385627743,"s":"BTCUSDT","t":1211419540,"p":"46091.87000000","q":"0.00027000","b":8865732191,"a":8865732220,"T":1641385627742,"m":true,"M":true}
{"e":"trade","E":1641385627743,"s":"BTCUSDT","t":1211419541,"p":"46091.83000000","q":"0.00058000","b":8865732044,"a":8865732220,"T":1641385627742,"m":true,"M":true}
{"e":"trade","E":1641385627743,"s":"BTCUSDT","t":1211419542,"p":"46091.70000000","q":"0.00094000","b":8865731779,"a":8865732220,"T":1641385627742,"m":true,"M":true}
{"e":"trade","E":1641385627992,"s":"BTCUSDT","t":1211419543,"p":"46091.71000000","q":"0.02755000","b":8865732265,"a":8865732221,"T":1641385627992,"m":false,"M":true}
{"e":"trade","E":1641385628025,"s":"BTCUSDT","t":1211419544,"p":"46091.71000000","q":"0.02190000","b":8865732273,"a":8865732221,"T":1641385628025,"m":false,"M":true}
{"e":"trade","E":1641385628032,"s":"BTCUSDT","t":1211419545,"p":"46091.71000000","q":"0.00427000","b":8865732274,"a":8865732221,"T":1641385628031,"m":false,"M":true}
{"e":"trade","E":1641385628058,"s":"BTCUSDT","t":1211419546,"p":"46091.71000000","q":"0.02190000","b":8865732284,"a":8865732221,"T":1641385628057,"m":false,"M":true}
{"e":"trade","E":1641385628182,"s":"BTCUSDT","t":1211419547,"p":"46091.71000000","q":"0.00069000","b":8865732304,"a":8865732221,"T":1641385628182,"m":false,"M":true}
{"e":"trade","E":1641385628283,"s":"BTCUSDT","t":1211419548,"p":"46091.70000000","q":"0.00555000","b":8865731779,"a":8865732314,"T":1641385628282,"m":true,"M":true}
{"e":"trade","E":1641385628381,"s":"BTCUSDT","t":1211419549,"p":"46091.71000000","q":"0.17369000","b":8865732318,"a":8865732221,"T":1641385628380,"m":false,"M":true}
{"e":"trade","E":1641385628381,"s":"BTCUSDT","t":1211419550,"p":"46091.71000000","q":"0.03187000","b":8865732318,"a":8865732222,"T":1641385628380,"m":false,"M":true}
{"e":"trade","E":1641385628491,"s":"BTCUSDT","t":1211419551,"p":"46091.71000000","q":"0.00021000","b":8865732324,"a":8865732222,"T":1641385628490,"m":false,"M":true}
{"e":"trade","E":1641385628550,"s":"BTCUSDT","t":1211419552,"p":"46091.70000000","q":"0.01003000","b":8865731779,"a":8865732327,"T":1641385628550,"m":true,"M":true}
{"e":"trade","E":1641385628550,"s":"BTCUSDT","t":1211419553,"p":"46091.70000000","q":"0.00054000","b":8865732289,"a":8865732327,"T":1641385628550,"m":true,"M":true}
{"e":"trade","E":1641385628550,"s":"BTCUSDT","t":1211419554,"p":"46091.70000000","q":"0.00282000","b":8865732306,"a":8865732327,"T":1641385628550,"m":true,"M":true}
{"e":"trade","E":1641385628610,"s":"BTCUSDT","t":1211419555,"p":"46091.70000000","q":"0.00297000","b":8865732306,"a":8865732331,"T":1641385628610,"m":true,"M":true}
{"e":"trade","E":1641385628811,"s":"BTCUSDT","t":1211419556,"p":"46091.70000000","q":"0.01013000","b":8865732306,"a":8865732343,"T":1641385628811,"m":true,"M":true}
{"e":"trade","E":1641385628973,"s":"BTCUSDT","t":1211419557,"p":"46091.70000000","q":"0.01296000","b":8865732306,"a":8865732351,"T":1641385628972,"m":true,"M":true}
{"e":"trade","E":1641385628975,"s":"BTCUSDT","t":1211419558,"p":"46091.71000000","q":"0.00039000","b":8865732352,"a":8865732222,"T":1641385628974,"m":false,"M":true}
{"e":"trade","E":1641385629054,"s":"BTCUSDT","t":1211419559,"p":"46091.71000000","q":"0.00109000","b":8865732361,"a":8865732222,"T":1641385629054,"m":false,"M":true}
{"e":"trade","E":1641385629265,"s":"BTCUSDT","t":1211419560,"p":"46091.71000000","q":"0.00216000","b":8865732370,"a":8865732222,"T":1641385629265,"m":false,"M":true}
{"e":"trade","E":1641385629309,"s":"BTCUSDT","t":1211419561,"p":"46091.70000000","q":"0.00500000","b":8865732306,"a":8865732373,"T":1641385629308,"m":true,"M":true}
{"e":"trade","E":1641385629624,"s":"BTCUSDT","t":1211419562,"p":"46091.71000000","q":"0.00368000","b":8865732393,"a":8865732222,"T":1641385629623,"m":false,"M":true}
{"e":"trade","E":1641385630061,"s":"BTCUSDT","t":1211419563,"p":"46091.71000000","q":"0.00664000","b":8865732418,"a":8865732222,"T":1641385630060,"m":false,"M":true}
{"e":"trade","E":1641385630175,"s":"BTCUSDT","t":1211419564,"p":"46091.71000000","q":"0.00345000","b":8865732429,"a":8865732222,"T":1641385630175,"m":false,"M":true}
{"e":"trade","E":1641385630538,"s":"BTCUSDT","t":1211419565,"p":"46091.70000000","q":"0.01962000","b":8865732310,"a":8865732479,"T":1641385630537,"m":true,"M":true}
{"e":"trade","E":1641385630538,"s":"BTCUSDT","t":1211419566,"p":"46091.70000000","q":"0.00027000","b":8865732322,"a":8865732479,"T":1641385630537,"m":true,"M":true}
{"e":"trade","E":1641385630538,"s":"BTCUSDT","t":1211419567,"p":"46091.70000000","q":"0.00044000","b":8865732336,"a":8865732479,"T":1641385630537,"m":true,"M":true}
{"e":"trade","E":1641385630538,"s":"BTCUSDT","t":1211419568,"p":"46091.70000000","q":"0.00047000","b":8865732339,"a":8865732479,"T":1641385630537,"m":true,"M":true}
{"e":"trade","E":1641385630538,"s":"BTCUSDT","t":1211419569,"p":"46091.70000000","q":"0.00027000","b":8865732341,"a":8865732479,"T":1641385630537,"m":true,"M":true}
{"e":"trade","E":1641385630538,"s":"BTCUSDT","t":1211419570,"p":"46091.70000000","q":"0.00028000","b":8865732384,"a":8865732479,"T":1641385630537,"m":true,"M":true}
{"e":"trade","E":1641385630538,"s":"BTCUSDT","t":1211419571,"p":"46091.70000000","q":"0.00027000","b":8865732388,"a":8865732479,"T":1641385630537,"m":true,"M":true}
{"e":"trade","E":1641385630538,"s":"BTCUSDT","t":1211419572,"p":"46091.70000000","q":"0.00027000","b":8865732406,"a":8865732479,"T":1641385630537,"m":true,"M":true}
{"e":"trade","E":1641385630538,"s":"BTCUSDT","t":1211419573,"p":"46091.70000000","q":"0.00047000","b":8865732407,"a":8865732479,"T":1641385630537,"m":true,"M":true}
{"e":"trade","E":1641385630538,"s":"BTCUSDT","t":1211419574,"p":"46091.70000000","q":"0.00002000","b":8865732410,"a":8865732479,"T":1641385630537,"m":true,"M":true}
{"e":"trade","E":1641385630584,"s":"BTCUSDT","t":1211419575,"p":"46091.71000000","q":"0.00297000","b":8865732490,"a":8865732235,"T":1641385630583,"m":false,"M":true}
{"e":"trade","E":1641385630584,"s":"BTCUSDT","t":1211419576,"p":"46091.71000000","q":"0.00453000","b":8865732490,"a":8865732332,"T":1641385630583,"m":false,"M":true}
{"e":"trade","E":1641385630684,"s":"BTCUSDT","t":1211419577,"p":"46091.71000000","q":"0.01784000","b":8865732510,"a":8865732332,"T":1641385630684,"m":false,"M":true}
{"e":"trade","E":1641385630684,"s":"BTCUSDT","t":1211419578,"p":"46091.71000000","q":"0.00171000","b":8865732510,"a":8865732350,"T":1641385630684,"m":false,"M":true}
{"e":"trade","E":1641385630684,"s":"BTCUSDT","t":1211419579,"p":"46091.73000000","q":"0.00045000","b":8865732510,"a":8865732334,"T":1641385630684,"m":false,"M":true}
{"e":"trade","E":1641385630753,"s":"BTCUSDT","t":1211419580,"p":"46091.73000000","q":"0.01356000","b":8865732531,"a":8865732334,"T":1641385630752,"m":false,"M":true}
{"e":"trade","E":1641385630774,"s":"BTCUSDT","t":1211419581,"p":"46091.73000000","q":"0.00836000","b":8865732536,"a":8865732334,"T":1641385630774,"m":false,"M":true}
{"e":"trade","E":1641385630774,"s":"BTCUSDT","t":1211419582,"p":"46091.75000000","q":"0.00066000","b":8865732536,"a":8865732458,"T":1641385630774,"m":false,"M":true}
{"e":"trade","E":1641385630790,"s":"BTCUSDT","t":1211419583,"p":"46091.87000000","q":"0.00825000","b":8865732546,"a":8865732325,"T":1641385630790,"m":false,"M":true}
{"e":"trade","E":1641385631032,"s":"BTCUSDT","t":1211419584,"p":"46093.07000000","q":"0.00300000","b":8865732586,"a":8865732035,"T":1641385631031,"m":false,"M":true}
{"e":"trade","E":1641385631032,"s":"BTCUSDT","t":1211419585,"p":"46093.17000000","q":"0.00280000","b":8865732586,"a":8865732385,"T":1641385631031,"m":false,"M":true}
{"e":"trade","E":1641385631032,"s":"BTCUSDT","t":1211419586,"p":"46093.18000000","q":"0.00025000","b":8865732586,"a":8865730494,"T":1641385631031,"m":false,"M":true}
{"e":"trade","E":1641385631032,"s":"BTCUSDT","t":1211419587,"p":"46095.49000000","q":"0.01652000","b":8865732586,"a":8865731778,"T":1641385631031,"m":false,"M":true}
{"e":"trade","E":1641385631032,"s":"BTCUSDT","t":1211419588,"p":"46096.38000000","q":"0.05425000","b":8865732586,"a":8865732539,"T":1641385631031,"m":false,"M":true}
{"e":"trade","E":1641385631032,"s":"BTCUSDT","t":1211419589,"p":"46097.28000000","q":"0.00649000","b":8865732586,"a":8865731224,"T":1641385631031,"m":false,"M":true}
{"e":"trade","E":1641385631032,"s":"BTCUSDT","t":1211419590,"p":"46097.28000000","q":"0.21013000","b":8865732586,"a":8865731491,"T":1641385631031,"m":false,"M":true}
{"e":"trade","E":1641385631032,"s":"BTCUSDT","t":1211419591,"p":"46097.28000000","q":"0.06776000","b":8865732586,"a":8865732487,"T":1641385631031,"m":false,"M":true}
{"e":"trade","E":1641385631032,"s":"BTCUSDT","t":1211419592,"p":"46097.29000000","q":"0.03980000","b":8865732586,"a":8865730420,"T":1641385631031,"m":false,"M":true}
{"e":"trade","E":1641385631137,"s":"BTCUSDT","t":1211419593,"p":"46097.28000000","q":"0.02187000","b":8865732589,"a":8865732631,"T":1641385631137,"m":true,"M":true}
{"e":"trade","E":1641385631588,"s":"BTCUSDT","t":1211419594,"p":"46097.29000000","q":"0.00157000","b":8865732731,"a":8865730420,"T":1641385631588,"m":false,"M":true}
{"e":"trade","E":1641385631725,"s":"BTCUSDT","t":1211419595,"p":"46097.28000000","q":"0.01305000","b":8865732604,"a":8865732757,"T":1641385631724,"m":true,"M":true}
{"e":"trade","E":1641385632353,"s":"BTCUSDT","t":1211419596,"p":"46097.28000000","q":"0.00330000","b":8865732604,"a":8865732829,"T":1641385632353,"m":true,"M":true}
{"e":"trade","E":1641385632397,"s":"BTCUSDT","t":1211419597,"p":"46097.29000000","q":"0.14821000","b":8865732836,"a":8865730420,"T":1641385632396,"m":false,"M":true}
{"e":"trade","E":1641385632397,"s":"BTCUSDT","t":1211419598,"p":"46097.29000000","q":"0.01543000","b":8865732837,"a":8865730420,"T":1641385632396,"m":false,"M":true}
{"e":"trade","E":1641385632397,"s":"BTCUSDT","t":1211419599,"p":"46097.46000000","q":"0.00209000","b":8865732837,"a":8865730193,"T":1641385632396,"m":false,"M":true}
{"e":"trade","E":1641385632404,"s":"BTCUSDT","t":1211419600,"p":"46100.00000000","q":"0.16501000","b":8865732846,"a":8865731937,"T":1641385632404,"m":false,"M":true}
{"e":"trade","E":1641385632414,"s":"BTCUSDT","t":1211419601,"p":"46100.00000000","q":"0.07415000","b":8865732874,"a":8865731937,"T":1641385632413,"m":false,"M":true}
{"e":"trade","E":1641385632415,"s":"BTCUSDT","t":1211419602,"p":"46100.00000000","q":"0.00599000","b":8865732877,"a":8865731937,"T":1641385632414,"m":false,"M":true}
{"e":"trade","E":1641385632417,"s":"BTCUSDT","t":1211419603,"p":"46100.00000000","q":"0.06908000","b":8865732883,"a":8865731937,"T":1641385632417,"m":false,"M":true}
{"e":"trade","E":1641385632417,"s":"BTCUSDT","t":1211419604,"p":"46100.90000000","q":"0.00750000","b":8865732883,"a":8865732810,"T":1641385632417,"m":false,"M":true}
{"e":"trade","E":1641385632424,"s":"BTCUSDT","t":1211419605,"p":"46100.90000000","q":"0.00901000","b":8865732900,"a":8865732810,"T":1641385632423,"m":false,"M":true}
{"e":"trade","E":1641385632424,"s":"BTCUSDT","t":1211419606,"p":"46101.79000000","q":"0.00217000","b":8865732900,"a":8865731338,"T":1641385632423,"m":false,"M":true}
{"e":"trade","E":1641385632435,"s":"BTCUSDT","t":1211419607,"p":"46102.82000000","q":"0.06430000","b":8865732928,"a":8865729701,"T":1641385632435,"m":false,"M":true}
{"e":"trade","E":1641385632440,"s":"BTCUSDT","t":1211419608,"p":"46103.00000000","q":"0.00900000","b":8865732945,"a":8865732809,"T":1641385632440,"m":false,"M":true}
{"e":"trade","E":1641385632452,"s":"BTCUSDT","t":1211419609,"p":"46103.00000000","q":"0.00847000","b":8865732976,"a":8865732809,"T":1641385632451,"m":false,"M":true}
{"e":"trade","E":1641385632452,"s":"BTCUSDT","t":1211419610,"p":"46103.86000000","q":"0.27161000","b":8865732976,"a":8865732824,"T":1641385632451,"m":false,"M":true}
{"e":"trade","E":1641385632452,"s":"BTCUSDT","t":1211419611,"p":"46103.86000000","q":"0.03287000","b":8865732978,"a":8865732824,"T":1641385632452,"m":false,"M":true}
{"e":"trade","E":1641385632452,"s":"BTCUSDT","t":1211419612,"p":"46103.87000000","q":"0.10848000","b":8865732978,"a":8865732738,"T":1641385632452,"m":false,"M":true}
{"e":"trade","E":1641385632473,"s":"BTCUSDT","t":1211419613,"p":"46105.08000000","q":"0.30437000","b":8865733020,"a":8865732977,"T":1641385632473,"m":false,"M":true}
{"e":"trade","E":1641385632492,"s":"BTCUSDT","t":1211419614,"p":"46108.67000000","q":"0.00022000","b":8865733044,"a":8865731498,"T":1641385632491,"m":false,"M":true}
{"e":"trade","E":1641385632516,"s":"BTCUSDT","t":1211419615,"p":"46108.67000000","q":"0.23009000","b":8865733065,"a":8865731498,"T":1641385632516,"m":false,"M":true}
{"e":"trade","E":1641385632516,"s":"BTCUSDT","t":1211419616,"p":"46108.67000000","q":"0.03072000","b":8865733065,"a":8865733060,"T":1641385632516,"m":false,"M":true}
{"e":"trade","E":1641385632516,"s":"BTCUSDT","t":1211419617,"p":"46108.67000000","q":"0.00923000","b":8865733065,"a":8865733063,"T":1641385632516,"m":false,"M":true}
{"e":"trade","E":1641385632591,"s":"BTCUSDT","t":1211419618,"p":"46111.46000000","q":"0.01035000","b":8865733072,"a":8865733123,"T":1641385632591,"m":true,"M":true}
{"e":"trade","E":1641385632701,"s":"BTCUSDT","t":1211419619,"p":"46111.46000000","q":"0.03663000","b":8865733072,"a":8865733153,"T":1641385632701,"m":true,"M":true}
{"e":"trade","E":1641385632789,"s":"BTCUSDT","t":1211419620,"p":"46111.46000000","q":"0.03998000","b":8865733072,"a":8865733168,"T":1641385632788,"m":true,"M":true}
{"e":"trade","E":1641385632796,"s":"BTCUSDT","t":1211419621,"p":"46111.46000000","q":"0.05620000","b":8865733072,"a":8865733169,"T":1641385632796,"m":true,"M":true}
{"e":"trade","E":1641385632976,"s":"BTCUSDT","t":1211419622,"p":"46115.27000000","q":"0.00225000","b":8865733237,"a":8865733232,"T":1641385632975,"m":false,"M":true}
{"e":"trade","E":1641385633042,"s":"BTCUSDT","t":1211419623,"p":"46113.77000000","q":"0.00310000","b":8865733225,"a":8865733269,"T":1641385633042,"m":true,"M":true}
{"e":"trade","E":1641385633148,"s":"BTCUSDT","t":1211419624,"p":"46113.77000000","q":"0.04577000","b":8865733262,"a":8865733285,"T":1641385633147,"m":true,"M":true}
{"e":"trade","E":1641385633150,"s":"BTCUSDT","t":1211419625,"p":"46113.77000000","q":"0.04323000","b":8865733262,"a":8865733289,"T":1641385633150,"m":true,"M":true}
{"e":"trade","E":1641385633254,"s":"BTCUSDT","t":1211419626,"p":"46111.46000000","q":"0.01434000","b":8865733210,"a":8865733345,"T":1641385633254,"m":true,"M":true}
{"e":"trade","E":1641385633261,"s":"BTCUSDT","t":1211419627,"p":"46111.46000000","q":"0.00442000","b":8865733210,"a":8865733349,"T":1641385633261,"m":true,"M":true}
{"e":"trade","E":1641385633261,"s":"BTCUSDT","t":1211419628,"p":"46111.46000000","q":"0.01050000","b":8865733296,"a":8865733349,"T":1641385633261,"m":true,"M":true}
{"e":"trade","E":1641385633261,"s":"BTCUSDT","t":1211419629,"p":"46111.44000000","q":"0.01050000","b":8865733294,"a":8865733349,"T":1641385633261,"m":true,"M":true}
{"e":"trade","E":1641385633261,"s":"BTCUSDT","t":1211419630,"p":"46111.42000000","q":"0.01049000","b":8865733295,"a":8865733349,"T":1641385633261,"m":true,"M":true}
{"e":"trade","E":1641385633364,"s":"BTCUSDT","t":1211419631,"p":"46105.10000000","q":"0.00045000","b":8865733422,"a":8865733382,"T":1641385633363,"m":false,"M":true}
{"e":"trade","E":1641385633533,"s":"BTCUSDT","t":1211419632,"p":"46105.10000000","q":"0.02000000","b":8865733445,"a":8865733382,"T":1641385633532,"m":false,"M":true}
{"e":"trade","E":1641385633708,"s":"BTCUSDT","t":1211419633,"p":"46105.08000000","q":"0.15000000","b":8865733029,"a":8865733473,"T":1641385633707,"m":true,"M":true}
{"e":"trade","E":1641385633823,"s":"BTCUSDT","t":1211419634,"p":"46105.09000000","q":"0.00109000","b":8865733489,"a":8865733471,"T":1641385633823,"m":false,"M":true}
{"e":"trade","E":1641385633847,"s":"BTCUSDT","t":1211419635,"p":"46105.09000000","q":"0.00024000","b":8865733491,"a":8865733471,"T":1641385633847,"m":false,"M":true}
{"e":"trade","E":1641385634072,"s":"BTCUSDT","t":1211419636,"p":"46105.08000000","q":"0.00277000","b":8865733515,"a":8865733526,"T":1641385634071,"m":true,"M":true}
{"e":"trade","E":1641385634078,"s":"BTCUSDT","t":1211419637,"p":"46105.08000000","q":"0.01064000","b":8865733515,"a":8865733527,"T":1641385634078,"m":true,"M":true}
{"e":"trade","E":1641385634078,"s":"BTCUSDT","t":1211419638,"p":"46105.06000000","q":"0.00664000","b":8865733522,"a":8865733527,"T":1641385634078,"m":true,"M":true}
{"e":"trade","E":1641385634078,"s":"BTCUSDT","t":1211419639,"p":"46101.79000000","q":"0.34020000","b":8865732954,"a":8865733527,"T":1641385634078,"m":true,"M":true}
{"e":"trade","E":1641385634296,"s":"BTCUSDT","t":1211419640,"p":"46101.79000000","q":"0.00026000","b":8865732954,"a":8865733613,"T":1641385634296,"m":true,"M":true}
{"e":"trade","E":1641385634567,"s":"BTCUSDT","t":1211419641,"p":"46101.79000000","q":"0.10845000","b":8865732954,"a":8865733676,"T":1641385634567,"m":true,"M":true}
{"e":"trade","E":1641385634953,"s":"BTCUSDT","t":1211419642,"p":"46101.79000000","q":"0.01790000","b":8865732954,"a":8865733719,"T":1641385634953,"m":true,"M":true}
{"e":"trade","E":1641385634997,"s":"BTCUSDT","t":1211419643,"p":"46101.80000000","q":"0.00216000","b":8865733727,"a":8865733568,"T":1641385634996,"m":false,"M":true}
{"e":"trade","E":1641385635092,"s":"BTCUSDT","t":1211419644,"p":"46101.80000000","q":"0.02000000","b":8865733738,"a":8865733568,"T":1641385635092,"m":false,"M":true}
{"e":"trade","E":1641385635214,"s":"BTCUSDT","t":1211419645,"p":"46101.79000000","q":"0.05742000","b":8865732954,"a":8865733745,"T":1641385635213,"m":true,"M":true}
{"e":"trade","E":1641385635358,"s":"BTCUSDT","t":1211419646,"p":"46101.80000000","q":"0.02000000","b":8865733770,"a":8865733568,"T":1641385635358,"m":false,"M":true}
{"e":"trade","E":1641385636118,"s":"BTCUSDT","t":1211419647,"p":"46101.80000000","q":"0.02000000","b":8865733816,"a":8865733568,"T":1641385636118,"m":false,"M":true}
{"e":"trade","E":1641385636383,"s":"BTCUSDT","t":1211419648,"p":"46101.80000000","q":"0.00797000","b":8865733840,"a":8865733787,"T":1641385636383,"m":false,"M":true}
{"e":"trade","E":1641385636383,"s":"BTCUSDT","t":1211419649,"p":"46101.89000000","q":"0.00225000","b":8865733840,"a":8865733758,"T":1641385636383,"m":false,"M":true}
{"e":"trade","E":1641385636383,"s":"BTCUSDT","t":1211419650,"p":"46106.39000000","q":"0.00978000","b":8865733840,"a":8865733718,"T":1641385636383,"m":false,"M":true}
{"e":"trade","E":1641385636826,"s":"BTCUSDT","t":1211419651,"p":"46108.66000000","q":"0.00131000","b":8865733900,"a":8865733947,"T":1641385636826,"m":true,"M":true}
{"e":"trade","E":1641385637005,"s":"BTCUSDT","t":1211419652,"p":"46108.67000000","q":"0.00524000","b":8865733982,"a":8865733800,"T":1641385637004,"m":false,"M":true}
{"e":"trade","E":1641385637005,"s":"BTCUSDT","t":1211419653,"p":"46108.67000000","q":"0.01302000","b":8865733982,"a":8865733919,"T":1641385637004,"m":false,"M":true}
{"e":"trade","E":1641385637026,"s":"BTCUSDT","t":1211419654,"p":"46108.66000000","q":"0.00700000","b":8865733900,"a":8865733985,"T":1641385637026,"m":true,"M":true}
{"e":"trade","E":1641385637045,"s":"BTCUSDT","t":1211419655,"p":"46108.67000000","q":"0.00301000","b":8865733990,"a":8865733919,"T":1641385637045,"m":false,"M":true}
{"e":"trade","E":1641385637330,"s":"BTCUSDT","t":1211419656,"p":"46108.66000000","q":"0.02129000","b":8865734011,"a":8865734032,"T":1641385637329,"m":true,"M":true}
{"e":"trade","E":1641385637377,"s":"BTCUSDT","t":1211419657,"p":"46108.66000000","q":"0.00037000","b":8865734011,"a":8865734049,"T":1641385637376,"m":true,"M":true}
{"e":"trade","E":1641385637377,"s":"BTCUSDT","t":1211419658,"p":"46108.62000000","q":"0.00207000","b":8865734047,"a":8865734049,"T":1641385637376,"m":true,"M":true}
{"e":"trade","E":1641385637377,"s":"BTCUSDT","t":1211419659,"p":"46104.11000000","q":"0.00366000","b":8865733911,"a":8865734049,"T":1641385637376,"m":true,"M":true}
{"e":"trade","E":1641385637432,"s":"BTCUSDT","t":1211419660,"p":"46104.11000000","q":"0.00298000","b":8865734088,"a":8865734069,"T":1641385637432,"m":false,"M":true}
{"e":"trade","E":1641385637463,"s":"BTCUSDT","t":1211419661,"p":"46104.11000000","q":"0.00559000","b":8865734105,"a":8865734069,"T":1641385637463,"m":false,"M":true}
{"e":"trade","E":1641385637515,"s":"BTCUSDT","t":1211419662,"p":"46104.11000000","q":"0.00040000","b":8865734118,"a":8865734069,"T":1641385637514,"m":false,"M":true}
{"e":"trade","E":1641385637820,"s":"BTCUSDT","t":1211419663,"p":"46104.11000000","q":"0.08483000","b":8865734147,"a":8865734069,"T":1641385637819,"m":false,"M":true}
{"e":"trade","E":1641385637840,"s":"BTCUSDT","t":1211419664,"p":"46101.82000000","q":"0.02351000","b":8865733882,"a":8865734153,"T":1641385637836,"m":true,"M":true}
{"e":"trade","E":1641385637885,"s":"BTCUSDT","t":1211419665,"p":"46101.82000000","q":"0.02404000","b":8865733882,"a":8865734161,"T":1641385637884,"m":true,"M":true}
{"e":"trade","E":1641385637885,"s":"BTCUSDT","t":1211419666,"p":"46101.82000000","q":"0.00843000","b":8865734151,"a":8865734161,"T":1641385637884,"m":true,"M":true}
{"e":"trade","E":1641385637887,"s":"BTCUSDT","t":1211419667,"p":"46101.83000000","q":"0.03935000","b":8865734162,"a":8865734148,"T":1641385637887,"m":false,"M":true}
{"e":"trade","E":1641385637897,"s":"BTCUSDT","t":1211419668,"p":"46101.83000000","q":"0.01665000","b":8865734163,"a":8865734148,"T":1641385637897,"m":false,"M":true}
{"e":"trade","E":1641385637897,"s":"BTCUSDT","t":1211419669,"p":"46101.83000000","q":"0.02270000","b":8865734163,"a":8865734149,"T":1641385637897,"m":false,"M":true}
{"e":"trade","E":1641385637900,"s":"BTCUSDT","t":1211419670,"p":"46101.82000000","q":"0.02208000","b":8865734151,"a":8865734164,"T":1641385637899,"m":true,"M":true}
{"e":"trade","E":1641385637904,"s":"BTCUSDT","t":1211419671,"p":"46101.83000000","q":"0.00362000","b":8865734165,"a":8865734149,"T":1641385637904,"m":false,"M":true}
{"e":"trade","E":1641385638069,"s":"BTCUSDT","t":1211419672,"p":"46101.83000000","q":"0.00079000","b":8865734186,"a":8865734159,"T":1641385638068,"m":false,"M":true}
{"e":"trade","E":1641385638138,"s":"BTCUSDT","t":1211419673,"p":"46101.83000000","q":"0.00231000","b":8865734196,"a":8865734159,"T":1641385638137,"m":false,"M":true}
{"e":"trade","E":1641385638655,"s":"BTCUSDT","t":1211419674,"p":"46101.83000000","q":"0.00056000","b":8865734293,"a":8865734247,"T":1641385638655,"m":false,"M":true}
{"e":"trade","E":1641385638784,"s":"BTCUSDT","t":1211419675,"p":"46101.83000000","q":"0.00024000","b":8865734316,"a":8865734247,"T":1641385638784,"m":false,"M":true}
{"e":"trade","E":1641385639154,"s":"BTCUSDT","t":1211419676,"p":"46101.80000000","q":"0.01948000","b":8865734365,"a":8865734353,"T":1641385639154,"m":false,"M":true}
{"e":"trade","E":1641385639381,"s":"BTCUSDT","t":1211419677,"p":"46101.79000000","q":"0.01328000","b":8865733762,"a":8865734412,"T":1641385639381,"m":true,"M":true}
{"e":"trade","E":1641385639443,"s":"BTCUSDT","t":1211419678,"p":"46101.80000000","q":"0.00064000","b":8865734418,"a":8865734353,"T":1641385639442,"m":false,"M":true}
{"e":"trade","E":1641385639494,"s":"BTCUSDT","t":1211419679,"p":"46101.79000000","q":"0.02717000","b":8865733762,"a":8865734423,"T":1641385639493,"m":true,"M":true}
{"e":"trade","E":1641385640738,"s":"BTCUSDT","t":1211419680,"p":"46101.79000000","q":"0.33955000","b":8865733762,"a":8865734518,"T":1641385640738,"m":true,"M":true}
{"e":"trade","E":1641385641062,"s":"BTCUSDT","t":1211419681,"p":"46101.80000000","q":"0.00307000","b":8865734571,"a":8865734353,"T":1641385641061,"m":false,"M":true}
{"e":"trade","E":1641385641095,"s":"BTCUSDT","t":1211419682,"p":"46101.79000000","q":"0.00121000","b":8865733762,"a":8865734575,"T":1641385641094,"m":true,"M":true}
{"e":"trade","E":1641385641124,"s":"BTCUSDT","t":1211419683,"p":"46101.80000000","q":"0.00641000","b":8865734581,"a":8865734353,"T":1641385641123,"m":false,"M":true}
{"e":"trade","E":1641385641437,"s":"BTCUSDT","t":1211419684,"p":"46101.79000000","q":"0.00069000","b":8865733762,"a":8865734604,"T":1641385641437,"m":true,"M":true}
{"e":"trade","E":1641385641657,"s":"BTCUSDT","t":1211419685,"p":"46101.79000000","q":"0.02000000","b":8865733762,"a":8865734622,"T":1641385641657,"m":true,"M":true}
{"e":"trade","E":1641385641964,"s":"BTCUSDT","t":1211419686,"p":"46101.80000000","q":"0.00280000","b":8865734647,"a":8865734353,"T":1641385641963,"m":false,"M":true}
{"e":"trade","E":1641385642085,"s":"BTCUSDT","t":1211419687,"p":"46101.79000000","q":"0.00522000","b":8865733762,"a":8865734655,"T":1641385642085,"m":true,"M":true}
{"e":"trade","E":1641385642285,"s":"BTCUSDT","t":1211419688,"p":"46101.79000000","q":"0.00191000","b":8865733762,"a":8865734668,"T":1641385642285,"m":true,"M":true}
{"e":"trade","E":1641385642858,"s":"BTCUSDT","t":1211419689,"p":"46101.79000000","q":"0.00348000","b":8865733762,"a":8865734749,"T":1641385642857,"m":true,"M":true}
{"e":"trade","E":1641385643077,"s":"BTCUSDT","t":1211419690,"p":"46101.79000000","q":"0.00651000","b":8865733762,"a":8865734781,"T":1641385643076,"m":true,"M":true}
{"e":"trade","E":1641385643443,"s":"BTCUSDT","t":1211419691,"p":"46101.80000000","q":"0.00161000","b":8865734802,"a":8865734624,"T":1641385643443,"m":false,"M":true}
{"e":"trade","E":1641385643456,"s":"BTCUSDT","t":1211419692,"p":"46101.79000000","q":"0.00023000","b":8865733762,"a":8865734803,"T":1641385643456,"m":true,"M":true}
{"e":"trade","E":1641385643803,"s":"BTCUSDT","t":1211419693,"p":"46101.80000000","q":"0.00240000","b":8865734877,"a":8865734650,"T":1641385643802,"m":false,"M":true}
{"e":"trade","E":1641385643803,"s":"BTCUSDT","t":1211419694,"p":"46101.80000000","q":"0.00046000","b":8865734877,"a":8865734681,"T":1641385643802,"m":false,"M":true}
{"e":"trade","E":1641385644636,"s":"BTCUSDT","t":1211419695,"p":"46101.79000000","q":"0.00028000","b":8865733762,"a":8865734994,"T":1641385644636,"m":true,"M":true}
{"e":"trade","E":1641385644735,"s":"BTCUSDT","t":1211419696,"p":"46101.79000000","q":"0.00126000","b":8865733762,"a":8865735015,"T":1641385644734,"m":true,"M":true}
{"e":"trade","E":1641385645755,"s":"BTCUSDT","t":1211419697,"p":"46101.79000000","q":"0.00145000","b":8865733762,"a":8865735120,"T":1641385645754,"m":true,"M":true}
{"e":"trade","E":1641385645791,"s":"BTCUSDT","t":1211419698,"p":"46101.80000000","q":"0.00500000","b":8865735124,"a":8865734767,"T":1641385645790,"m":false,"M":true}
{"e":"trade","E":1641385645791,"s":"BTCUSDT","t":1211419699,"p":"46101.80000000","q":"0.00443000","b":8865735124,"a":8865734870,"T":1641385645790,"m":false,"M":true}
{"e":"trade","E":1641385645862,"s":"BTCUSDT","t":1211419700,"p":"46101.80000000","q":"0.00785000","b":8865735131,"a":8865734870,"T":1641385645862,"m":false,"M":true}
{"e":"trade","E":1641385645927,"s":"BTCUSDT","t":1211419701,"p":"46101.80000000","q":"0.00121000","b":8865735138,"a":8865734929,"T":1641385645927,"m":false,"M":true}
{"e":"trade","E":1641385645927,"s":"BTCUSDT","t":1211419702,"p":"46101.80000000","q":"0.00892000","b":8865735138,"a":8865734973,"T":1641385645927,"m":false,"M":true}
{"e":"trade","E":1641385646001,"s":"BTCUSDT","t":1211419703,"p":"46101.80000000","q":"0.00954000","b":8865735146,"a":8865734973,"T":1641385646000,"m":false,"M":true}
{"e":"trade","E":1641385646066,"s":"BTCUSDT","t":1211419704,"p":"46101.80000000","q":"0.01685000","b":8865735151,"a":8865734973,"T":1641385646065,"m":false,"M":true}
{"e":"trade","E":1641385646066,"s":"BTCUSDT","t":1211419705,"p":"46101.80000000","q":"0.00494000","b":8865735151,"a":8865734974,"T":1641385646065,"m":false,"M":true}
{"e":"trade","E":1641385646152,"s":"BTCUSDT","t":1211419706,"p":"46101.79000000","q":"0.05178000","b":8865733762,"a":8865735158,"T":1641385646152,"m":true,"M":true}
{"e":"trade","E":1641385646211,"s":"BTCUSDT","t":1211419707,"p":"46101.79000000","q":"0.00138000","b":8865733762,"a":8865735165,"T":1641385646210,"m":true,"M":true}
{"e":"trade","E":1641385646236,"s":"BTCUSDT","t":1211419708,"p":"46101.79000000","q":"0.06380000","b":8865733762,"a":8865735167,"T":1641385646235,"m":true,"M":true}
{"e":"trade","E":1641385646237,"s":"BTCUSDT","t":1211419709,"p":"46101.79000000","q":"0.00847000","b":8865733762,"a":8865735168,"T":1641385646236,"m":true,"M":true}
{"e":"trade","E":1641385646238,"s":"BTCUSDT","t":1211419710,"p":"46101.79000000","q":"0.16927000","b":8865733762,"a":8865735169,"T":1641385646237,"m":true,"M":true}
{"e":"trade","E":1641385646935,"s":"BTCUSDT","t":1211419711,"p":"46101.79000000","q":"0.01868000","b":8865733762,"a":8865735219,"T":1641385646935,"m":true,"M":true}
{"e":"trade","E":1641385646966,"s":"BTCUSDT","t":1211419712,"p":"46101.79000000","q":"0.02672000","b":8865733762,"a":8865735223,"T":1641385646966,"m":true,"M":true}
{"e":"trade","E":1641385647293,"s":"BTCUSDT","t":1211419713,"p":"46101.80000000","q":"0.00062000","b":8865735245,"a":8865734986,"T":1641385647292,"m":false,"M":true}
{"e":"trade","E":1641385647320,"s":"BTCUSDT","t":1211419714,"p":"46101.79000000","q":"0.00050000","b":8865733762,"a":8865735248,"T":1641385647320,"m":true,"M":true}
{"e":"trade","E":1641385647365,"s":"BTCUSDT","t":1211419715,"p":"46101.80000000","q":"0.00065000","b":8865735251,"a":8865734986,"T":1641385647364,"m":false,"M":true}
{"e":"trade","E":1641385647365,"s":"BTCUSDT","t":1211419716,"p":"46101.80000000","q":"0.00180000","b":8865735251,"a":8865735135,"T":1641385647364,"m":false,"M":true}
{"e":"trade","E":1641385647850,"s":"BTCUSDT","t":1211419717,"p":"46101.80000000","q":"0.00060000","b":8865735271,"a":8865735135,"T":1641385647850,"m":false,"M":true}
{"e":"trade","E":1641385648064,"s":"BTCUSDT","t":1211419718,"p":"46101.79000000","q":"0.00661000","b":8865733762,"a":8865735277,"T":1641385648064,"m":true,"M":true}
{"e":"trade","E":1641385648305,"s":"BTCUSDT","t":1211419719,"p":"46101.80000000","q":"0.00200000","b":8865735291,"a":8865735179,"T":1641385648304,"m":false,"M":true}
{"e":"trade","E":1641385648556,"s":"BTCUSDT","t":1211419720,"p":"46101.80000000","q":"0.00023000","b":8865735331,"a":8865735189,"T":1641385648555,"m":false,"M":true}
{"e":"trade","E":1641385648969,"s":"BTCUSDT","t":1211419721,"p":"46101.79000000","q":"0.00322000","b":8865733762,"a":8865735408,"T":1641385648968,"m":true,"M":true}
{"e":"trade","E":1641385648989,"s":"BTCUSDT","t":1211419722,"p":"46101.80000000","q":"0.00140000","b":8865735411,"a":8865735222,"T":1641385648988,"m":false,"M":true}
{"e":"trade","E":1641385649177,"s":"BTCUSDT","t":1211419723,"p":"46101.80000000","q":"0.00240000","b":8865735428,"a":8865735239,"T":1641385649176,"m":false,"M":true}
{"e":"trade","E":1641385649212,"s":"BTCUSDT","t":1211419724,"p":"46101.80000000","q":"0.00584000","b":8865735434,"a":8865735239,"T":1641385649212,"m":false,"M":true}
{"e":"trade","E":1641385649336,"s":"BTCUSDT","t":1211419725,"p":"46101.79000000","q":"0.00044000","b":8865733762,"a":8865735447,"T":1641385649336,"m":true,"M":true}
{"e":"trade","E":1641385649516,"s":"BTCUSDT","t":1211419726,"p":"46101.79000000","q":"0.02352000","b":8865733762,"a":8865735477,"T":1641385649515,"m":true,"M":true}
{"e":"trade","E":1641385649525,"s":"BTCUSDT","t":1211419727,"p":"46101.79000000","q":"0.00298000","b":8865733762,"a":8865735478,"T":1641385649524,"m":true,"M":true}
{"e":"trade","E":1641385649557,"s":"BTCUSDT","t":1211419728,"p":"46101.79000000","q":"0.00045000","b":8865733762,"a":8865735484,"T":1641385649556,"m":true,"M":true}
{"e":"trade","E":1641385649802,"s":"BTCUSDT","t":1211419729,"p":"46101.79000000","q":"0.00030000","b":8865733762,"a":8865735521,"T":1641385649802,"m":true,"M":true}
{"e":"trade","E":1641385649842,"s":"BTCUSDT","t":1211419730,"p":"46101.79000000","q":"0.00445000","b":8865733762,"a":8865735527,"T":1641385649842,"m":true,"M":true}
{"e":"trade","E":1641385649886,"s":"BTCUSDT","t":1211419731,"p":"46101.79000000","q":"0.00071000","b":8865733762,"a":8865735535,"T":1641385649886,"m":true,"M":true}
{"e":"trade","E":1641385650027,"s":"BTCUSDT","t":1211419732,"p":"46101.79000000","q":"0.00330000","b":8865733762,"a":8865735550,"T":1641385650027,"m":true,"M":true}
{"e":"trade","E":1641385650412,"s":"BTCUSDT","t":1211419733,"p":"46101.79000000","q":"0.14060000","b":8865733762,"a":8865735569,"T":1641385650411,"m":true,"M":true}
{"e":"trade","E":1641385650431,"s":"BTCUSDT","t":1211419734,"p":"46101.79000000","q":"0.01290000","b":8865733762,"a":8865735571,"T":1641385650430,"m":true,"M":true}
{"e":"trade","E":1641385650487,"s":"BTCUSDT","t":1211419735,"p":"46101.79000000","q":"0.00191000","b":8865733762,"a":8865735577,"T":1641385650487,"m":true,"M":true}
{"e":"trade","E":1641385650577,"s":"BTCUSDT","t":1211419736,"p":"46101.80000000","q":"0.00789000","b":8865735583,"a":8865735321,"T":1641385650577,"m":false,"M":true}
{"e":"trade","E":1641385650577,"s":"BTCUSDT","t":1211419737,"p":"46101.80000000","q":"0.00295000","b":8865735583,"a":8865735336,"T":1641385650577,"m":false,"M":true}
{"e":"trade","E":1641385650691,"s":"BTCUSDT","t":1211419738,"p":"46101.79000000","q":"0.00543000","b":8865733762,"a":8865735593,"T":1641385650691,"m":true,"M":true}
{"e":"trade","E":1641385650739,"s":"BTCUSDT","t":1211419739,"p":"46101.80000000","q":"0.00064000","b":8865735597,"a":8865735366,"T":1641385650738,"m":false,"M":true}
{"e":"trade","E":1641385650851,"s":"BTCUSDT","t":1211419740,"p":"46101.80000000","q":"0.00028000","b":8865735609,"a":8865735383,"T":1641385650851,"m":false,"M":true}
{"e":"trade","E":1641385650917,"s":"BTCUSDT","t":1211419741,"p":"46101.79000000","q":"0.01145000","b":8865733762,"a":8865735613,"T":1641385650916,"m":true,"M":true}
{"e":"trade","E":1641385651085,"s":"BTCUSDT","t":1211419742,"p":"46101.79000000","q":"0.05201000","b":8865733762,"a":8865735635,"T":1641385651085,"m":true,"M":true}
{"e":"trade","E":1641385651299,"s":"BTCUSDT","t":1211419743,"p":"46101.80000000","q":"0.00444000","b":8865735652,"a":8865735430,"T":1641385651298,"m":false,"M":true}
{"e":"trade","E":1641385651382,"s":"BTCUSDT","t":1211419744,"p":"46101.79000000","q":"0.02577000","b":8865733762,"a":8865735658,"T":1641385651381,"m":true,"M":true}
{"e":"trade","E":1641385651434,"s":"BTCUSDT","t":1211419745,"p":"46101.80000000","q":"0.00010000","b":8865735663,"a":8865735430,"T":1641385651434,"m":false,"M":true}
{"e":"trade","E":1641385651434,"s":"BTCUSDT","t":1211419746,"p":"46101.80000000","q":"0.01003000","b":8865735663,"a":8865735461,"T":1641385651434,"m":false,"M":true}
{"e":"trade","E":1641385651741,"s":"BTCUSDT","t":1211419747,"p":"46101.80000000","q":"0.00917000","b":8865735682,"a":8865735556,"T":1641385651740,"m":false,"M":true}
{"e":"trade","E":1641385651741,"s":"BTCUSDT","t":1211419748,"p":"46101.80000000","q":"0.00096000","b":8865735682,"a":8865735573,"T":1641385651740,"m":false,"M":true}
{"e":"trade","E":1641385651766,"s":"BTCUSDT","t":1211419749,"p":"46101.79000000","q":"0.00110000","b":8865733762,"a":8865735686,"T":1641385651765,"m":true,"M":true}
{"e":"trade","E":1641385651788,"s":"BTCUSDT","t":1211419750,"p":"46101.80000000","q":"0.00160000","b":8865735689,"a":8865735573,"T":1641385651788,"m":false,"M":true}
{"e":"trade","E":1641385651854,"s":"BTCUSDT","t":1211419751,"p":"46101.80000000","q":"0.00467000","b":8865735694,"a":8865735573,"T":1641385651853,"m":false,"M":true}
{"e":"trade","E":1641385651854,"s":"BTCUSDT","t":1211419752,"p":"46101.80000000","q":"0.00015000","b":8865735694,"a":8865735581,"T":1641385651853,"m":false,"M":true}
{"e":"trade","E":1641385651957,"s":"BTCUSDT","t":1211419753,"p":"46101.80000000","q":"0.00586000","b":8865735697,"a":8865735581,"T":1641385651957,"m":false,"M":true}
{"e":"trade","E":1641385652039,"s":"BTCUSDT","t":1211419754,"p":"46101.79000000","q":"0.01130000","b":8865733762,"a":8865735703,"T":1641385652039,"m":true,"M":true}
{"e":"trade","E":1641385652234,"s":"BTCUSDT","t":1211419755,"p":"46101.79000000","q":"0.00803000","b":8865733762,"a":8865735715,"T":1641385652233,"m":true,"M":true}
{"e":"trade","E":1641385652267,"s":"BTCUSDT","t":1211419756,"p":"46101.80000000","q":"0.00184000","b":8865735719,"a":8865735581,"T":1641385652266,"m":false,"M":true}
{"e":"trade","E":1641385652267,"s":"BTCUSDT","t":1211419757,"p":"46101.80000000","q":"0.00070000","b":8865735719,"a":8865735586,"T":1641385652266,"m":false,"M":true}
{"e":"trade","E":1641385652341,"s":"BTCUSDT","t":1211419758,"p":"46101.79000000","q":"0.00723000","b":8865733762,"a":8865735721,"T":1641385652340,"m":true,"M":true}
{"e":"trade","E":1641385652518,"s":"BTCUSDT","t":1211419759,"p":"46101.79000000","q":"0.00506000","b":8865733762,"a":8865735727,"T":1641385652518,"m":true,"M":true}
{"e":"trade","E":1641385652912,"s":"BTCUSDT","t":1211419760,"p":"46101.80000000","q":"0.00061000","b":8865735746,"a":8865735614,"T":1641385652911,"m":false,"M":true}
{"e":"trade","E":1641385653222,"s":"BTCUSDT","t":1211419761,"p":"46101.79000000","q":"0.00075000","b":8865733762,"a":8865735767,"T":1641385653221,"m":true,"M":true}
{"e":"trade","E":1641385653715,"s":"BTCUSDT","t":1211419762,"p":"46101.80000000","q":"0.00082000","b":8865735789,"a":8865735649,"T":1641385653715,"m":false,"M":true}
{"e":"trade","E":1641385653715,"s":"BTCUSDT","t":1211419763,"p":"46101.80000000","q":"0.00170000","b":8865735789,"a":8865735657,"T":1641385653715,"m":false,"M":true}
{"e":"trade","E":1641385653715,"s":"BTCUSDT","t":1211419764,"p":"46101.80000000","q":"0.00038000","b":8865735789,"a":8865735659,"T":1641385653715,"m":false,"M":true}
{"e":"trade","E":1641385653715,"s":"BTCUSDT","t":1211419765,"p":"46101.80000000","q":"0.00077000","b":8865735789,"a":8865735695,"T":1641385653715,"m":false,"M":true}
{"e":"trade","E":1641385653715,"s":"BTCUSDT","t":1211419766,"p":"46101.80000000","q":"0.00723000","b":8865735789,"a":8865735722,"T":1641385653715,"m":false,"M":true}
{"e":"trade","E":1641385653715,"s":"BTCUSDT","t":1211419767,"p":"46101.80000000","q":"0.00358000","b":8865735789,"a":8865735728,"T":1641385653715,"m":false,"M":true}
{"e":"trade","E":1641385653715,"s":"BTCUSDT","t":1211419768,"p":"46101.80000000","q":"0.00725000","b":8865735789,"a":8865735729,"T":1641385653715,"m":false,"M":true}
{"e":"trade","E":1641385653830,"s":"BTCUSDT","t":1211419769,"p":"46101.80000000","q":"0.00073000","b":8865735794,"a":8865735729,"T":1641385653830,"m":false,"M":true}
{"e":"trade","E":1641385654114,"s":"BTCUSDT","t":1211419770,"p":"46101.79000000","q":"0.04405000","b":8865733762,"a":8865735806,"T":1641385654113,"m":true,"M":true}
{"e":"trade","E":1641385654169,"s":"BTCUSDT","t":1211419771,"p":"46101.80000000","q":"0.00023000","b":8865735811,"a":8865735729,"T":1641385654168,"m":false,"M":true}
{"e":"trade","E":1641385654763,"s":"BTCUSDT","t":1211419772,"p":"46101.80000000","q":"0.00912000","b":8865735842,"a":8865735735,"T":1641385654762,"m":false,"M":true}
{"e":"trade","E":1641385654763,"s":"BTCUSDT","t":1211419773,"p":"46101.80000000","q":"0.01440000","b":8865735842,"a":8865735736,"T":1641385654762,"m":false,"M":true}
{"e":"trade","E":1641385654763,"s":"BTCUSDT","t":1211419774,"p":"46101.80000000","q":"0.02728000","b":8865735842,"a":8865735741,"T":1641385654762,"m":false,"M":true}
{"e":"trade","E":1641385654957,"s":"BTCUSDT","t":1211419775,"p":"46101.80000000","q":"0.00059000","b":8865735854,"a":8865735749,"T":1641385654956,"m":false,"M":true}
{"e":"trade","E":1641385654993,"s":"BTCUSDT","t":1211419776,"p":"46101.79000000","q":"0.00867000","b":8865733762,"a":8865735857,"T":1641385654993,"m":true,"M":true}
{"e":"trade","E":1641385655021,"s":"BTCUSDT","t":1211419777,"p":"46101.80000000","q":"0.00065000","b":8865735864,"a":8865735753,"T":1641385655020,"m":false,"M":true}
{"e":"trade","E":1641385655445,"s":"BTCUSDT","t":1211419778,"p":"46101.79000000","q":"0.00098000","b":8865733762,"a":8865735919,"T":1641385655445,"m":true,"M":true}
{"e":"trade","E":1641385655518,"s":"BTCUSDT","t":1211419779,"p":"46101.79000000","q":"0.00242000","b":8865733762,"a":8865735926,"T":1641385655518,"m":true,"M":true}
{"e":"trade","E":1641385655554,"s":"BTCUSDT","t":1211419780,"p":"46101.79000000","q":"0.00085000","b":8865733762,"a":8865735929,"T":1641385655554,"m":true,"M":true}
{"e":"trade","E":1641385655934,"s":"BTCUSDT","t":1211419781,"p":"46101.79000000","q":"0.00558000","b":8865733762,"a":8865735964,"T":1641385655934,"m":true,"M":true}
{"e":"trade","E":1641385655965,"s":"BTCUSDT","t":1211419782,"p":"46101.80000000","q":"0.01537000","b":8865735966,"a":8865735837,"T":1641385655963,"m":false,"M":true}
{"e":"trade","E":1641385655965,"s":"BTCUSDT","t":1211419783,"p":"46101.80000000","q":"0.01443000","b":8865735966,"a":8865735838,"T":1641385655963,"m":false,"M":true}
{"e":"trade","E":1641385655965,"s":"BTCUSDT","t":1211419784,"p":"46101.80000000","q":"0.03109000","b":8865735966,"a":8865735839,"T":1641385655963,"m":false,"M":true}
{"e":"trade","E":1641385655965,"s":"BTCUSDT","t":1211419785,"p":"46101.80000000","q":"0.00471000","b":8865735966,"a":8865735851,"T":1641385655963,"m":false,"M":true}
{"e":"trade","E":1641385655965,"s":"BTCUSDT","t":1211419786,"p":"46101.80000000","q":"0.02894000","b":8865735966,"a":8865735861,"T":1641385655963,"m":false,"M":true}
{"e":"trade","E":1641385655965,"s":"BTCUSDT","t":1211419787,"p":"46101.80000000","q":"0.02985000","b":8865735966,"a":8865735875,"T":1641385655963,"m":false,"M":true}
{"e":"trade","E":1641385655965,"s":"BTCUSDT","t":1211419788,"p":"46101.80000000","q":"0.00434000","b":8865735966,"a":8865735876,"T":1641385655963,"m":false,"M":true}
{"e":"trade","E":1641385655965,"s":"BTCUSDT","t":1211419789,"p":"46101.80000000","q":"0.03002000","b":8865735966,"a":8865735878,"T":1641385655963,"m":false,"M":true}
{"e":"trade","E":1641385655965,"s":"BTCUSDT","t":1211419790,"p":"46101.80000000","q":"0.01059000","b":8865735966,"a":8865735883,"T":1641385655963,"m":false,"M":true}
{"e":"trade","E":1641385655965,"s":"BTCUSDT","t":1211419791,"p":"46101.80000000","q":"0.01645000","b":8865735966,"a":8865735900,"T":1641385655963,"m":false,"M":true}
{"e":"trade","E":1641385655965,"s":"BTCUSDT","t":1211419792,"p":"46101.80000000","q":"0.01994000","b":8865735966,"a":8865735911,"T":1641385655963,"m":false,"M":true}
{"e":"trade","E":1641385655965,"s":"BTCUSDT","t":1211419793,"p":"46101.80000000","q":"0.02746000","b":8865735966,"a":8865735913,"T":1641385655963,"m":false,"M":true}
{"e":"trade","E":1641385655965,"s":"BTCUSDT","t":1211419794,"p":"46101.80000000","q":"0.00045000","b":8865735966,"a":8865735928,"T":1641385655963,"m":false,"M":true}
{"e":"trade","E":1641385655965,"s":"BTCUSDT","t":1211419795,"p":"46101.80000000","q":"0.01741000","b":8865735966,"a":8865735930,"T":1641385655963,"m":false,"M":true}
{"e":"trade","E":1641385655965,"s":"BTCUSDT","t":1211419796,"p":"46101.80000000","q":"0.00119000","b":8865735966,"a":8865735962,"T":1641385655963,"m":false,"M":true}
{"e":"trade","E":1641385656044,"s":"BTCUSDT","t":1211419797,"p":"46101.82000000","q":"0.00100000","b":8865735989,"a":8865735287,"T":1641385656043,"m":false,"M":true}
{"e":"trade","E":1641385656099,"s":"BTCUSDT","t":1211419798,"p":"46101.83000000","q":"0.00542000","b":8865736004,"a":8865735985,"T":1641385656099,"m":false,"M":true}
{"e":"trade","E":1641385656319,"s":"BTCUSDT","t":1211419799,"p":"46103.56000000","q":"0.01091000","b":8865736019,"a":8865736040,"T":1641385656318,"m":true,"M":true}
{"e":"trade","E":1641385656328,"s":"BTCUSDT","t":1211419800,"p":"46103.56000000","q":"0.00215000","b":8865736019,"a":8865736041,"T":1641385656327,"m":true,"M":true}
{"e":"trade","E":1641385656721,"s":"BTCUSDT","t":1211419801,"p":"46103.57000000","q":"0.02435000","b":8865736087,"a":8865734849,"T":1641385656721,"m":false,"M":true}
{"e":"trade","E":1641385656773,"s":"BTCUSDT","t":1211419802,"p":"46103.57000000","q":"0.00238000","b":8865736093,"a":8865734849,"T":1641385656773,"m":false,"M":true}
{"e":"trade","E":1641385656808,"s":"BTCUSDT","t":1211419803,"p":"46103.57000000","q":"0.00037000","b":8865736099,"a":8865734849,"T":1641385656807,"m":false,"M":true}
{"e":"trade","E":1641385657384,"s":"BTCUSDT","t":1211419804,"p":"46103.56000000","q":"0.00355000","b":8865736019,"a":8865736173,"T":1641385657384,"m":true,"M":true}
{"e":"trade","E":1641385657411,"s":"BTCUSDT","t":1211419805,"p":"46103.57000000","q":"0.00163000","b":8865736176,"a":8865734849,"T":1641385657410,"m":false,"M":true}
{"e":"trade","E":1641385657702,"s":"BTCUSDT","t":1211419806,"p":"46103.56000000","q":"0.00873000","b":8865736019,"a":8865736180,"T":1641385657702,"m":true,"M":true}
{"e":"trade","E":1641385658280,"s":"BTCUSDT","t":1211419807,"p":"46103.56000000","q":"0.00026000","b":8865736019,"a":8865736199,"T":1641385658280,"m":true,"M":true}
{"e":"trade","E":1641385658459,"s":"BTCUSDT","t":1211419808,"p":"46103.57000000","q":"0.00065000","b":8865736205,"a":8865734849,"T":1641385658459,"m":false,"M":true}
{"e":"trade","E":1641385658875,"s":"BTCUSDT","t":1211419809,"p":"46103.57000000","q":"0.00237000","b":8865736214,"a":8865734849,"T":1641385658874,"m":false,"M":true}
{"e":"trade","E":1641385659219,"s":"BTCUSDT","t":1211419810,"p":"46103.57000000","q":"0.00048000","b":8865736222,"a":8865734849,"T":1641385659219,"m":false,"M":true}
{"e":"trade","E":1641385659536,"s":"BTCUSDT","t":1211419811,"p":"46103.56000000","q":"0.00060000","b":8865736019,"a":8865736240,"T":1641385659535,"m":true,"M":true}
{"e":"trade","E":1641385659662,"s":"BTCUSDT","t":1211419812,"p":"46103.56000000","q":"0.00065000","b":8865736019,"a":8865736248,"T":1641385659662,"m":true,"M":true}
{"e":"trade","E":1641385659706,"s":"BTCUSDT","t":1211419813,"p":"46103.56000000","q":"0.00123000","b":8865736019,"a":8865736264,"T":1641385659706,"m":true,"M":true}
{"e":"trade","E":1641385659706,"s":"BTCUSDT","t":1211419814,"p":"46103.56000000","q":"0.02402000","b":8865736045,"a":8865736264,"T":1641385659706,"m":true,"M":true}
{"e":"trade","E":1641385659744,"s":"BTCUSDT","t":1211419815,"p":"46103.56000000","q":"0.01374000","b":8865736045,"a":8865736277,"T":1641385659743,"m":true,"M":true}
{"e":"trade","E":1641385659744,"s":"BTCUSDT","t":1211419816,"p":"46103.56000000","q":"0.01465000","b":8865736052,"a":8865736277,"T":1641385659743,"m":true,"M":true}
{"e":"trade","E":1641385659744,"s":"BTCUSDT","t":1211419817,"p":"46103.56000000","q":"0.00401000","b":8865736119,"a":8865736277,"T":1641385659743,"m":true,"M":true}
{"e":"trade","E":1641385659888,"s":"BTCUSDT","t":1211419818,"p":"46103.57000000","q":"0.01014000","b":8865736306,"a":8865734849,"T":1641385659888,"m":false,"M":true}
{"e":"trade","E":1641385660350,"s":"BTCUSDT","t":1211419819,"p":"46103.57000000","q":"0.00029000","b":8865736337,"a":8865734849,"T":1641385660349,"m":false,"M":true}
{"e":"trade","E":1641385660508,"s":"BTCUSDT","t":1211419820,"p":"46103.57000000","q":"0.00023000","b":8865736359,"a":8865734849,"T":1641385660508,"m":false,"M":true}
{"e":"trade","E":1641385660651,"s":"BTCUSDT","t":1211419821,"p":"46103.57000000","q":"0.00027000","b":8865736364,"a":8865734849,"T":1641385660650,"m":false,"M":true}
{"e":"trade","E":1641385660673,"s":"BTCUSDT","t":1211419822,"p":"46103.57000000","q":"0.00048000","b":8865736368,"a":8865734849,"T":1641385660672,"m":false,"M":true}
{"e":"trade","E":1641385660695,"s":"BTCUSDT","t":1211419823,"p":"46103.57000000","q":"0.01518000","b":8865736370,"a":8865734849,"T":1641385660694,"m":false,"M":true}
{"e":"trade","E":1641385660708,"s":"BTCUSDT","t":1211419824,"p":"46103.57000000","q":"0.00100000","b":8865736372,"a":8865734849,"T":1641385660707,"m":false,"M":true}
{"e":"trade","E":1641385660717,"s":"BTCUSDT","t":1211419825,"p":"46103.57000000","q":"0.00027000","b":8865736376,"a":8865734849,"T":1641385660717,"m":false,"M":true}
{"e":"trade","E":1641385660780,"s":"BTCUSDT","t":1211419826,"p":"46103.57000000","q":"0.00027000","b":8865736393,"a":8865734849,"T":1641385660780,"m":false,"M":true}
{"e":"trade","E":1641385660832,"s":"BTCUSDT","t":1211419827,"p":"46103.57000000","q":"0.00027000","b":8865736404,"a":8865734849,"T":1641385660831,"m":false,"M":true}
{"e":"trade","E":1641385660848,"s":"BTCUSDT","t":1211419828,"p":"46103.57000000","q":"0.00028000","b":8865736407,"a":8865734849,"T":1641385660847,"m":false,"M":true}
{"e":"trade","E":1641385661054,"s":"BTCUSDT","t":1211419829,"p":"46103.57000000","q":"0.00027000","b":8865736438,"a":8865734849,"T":1641385661053,"m":false,"M":true}
{"e":"trade","E":1641385661118,"s":"BTCUSDT","t":1211419830,"p":"46103.57000000","q":"0.00042000","b":8865736448,"a":8865734849,"T":1641385661117,"m":false,"M":true}
{"e":"trade","E":1641385661132,"s":"BTCUSDT","t":1211419831,"p":"46103.56000000","q":"0.00216000","b":8865736119,"a":8865736450,"T":1641385661131,"m":true,"M":true}
{"e":"trade","E":1641385661428,"s":"BTCUSDT","t":1211419832,"p":"46103.57000000","q":"0.00298000","b":8865736481,"a":8865734849,"T":1641385661428,"m":false,"M":true}
{"e":"trade","E":1641385661477,"s":"BTCUSDT","t":1211419833,"p":"46103.57000000","q":"0.00022000","b":8865736485,"a":8865734849,"T":1641385661477,"m":false,"M":true}
{"e":"trade","E":1641385661477,"s":"BTCUSDT","t":1211419834,"p":"46103.57000000","q":"0.00005000","b":8865736485,"a":8865736186,"T":1641385661477,"m":false,"M":true}
{"e":"trade","E":1641385661641,"s":"BTCUSDT","t":1211419835,"p":"46103.57000000","q":"0.16758000","b":8865736490,"a":8865736186,"T":1641385661641,"m":false,"M":true}
{"e":"trade","E":1641385661641,"s":"BTCUSDT","t":1211419836,"p":"46103.57000000","q":"0.00102000","b":8865736490,"a":8865736401,"T":1641385661641,"m":false,"M":true}
{"e":"trade","E":1641385661641,"s":"BTCUSDT","t":1211419837,"p":"46103.57000000","q":"0.00391000","b":8865736490,"a":8865736458,"T":1641385661641,"m":false,"M":true}
{"e":"trade","E":1641385661641,"s":"BTCUSDT","t":1211419838,"p":"46103.61000000","q":"0.00329000","b":8865736490,"a":8865736489,"T":1641385661641,"m":false,"M":true}
{"e":"trade","E":1641385661641,"s":"BTCUSDT","t":1211419839,"p":"46104.79000000","q":"0.03627000","b":8865736490,"a":8865736446,"T":1641385661641,"m":false,"M":true}
{"e":"trade","E":1641385661641,"s":"BTCUSDT","t":1211419840,"p":"46104.80000000","q":"0.04590000","b":8865736490,"a":8865736101,"T":1641385661641,"m":false,"M":true}
{"e":"trade","E":1641385661661,"s":"BTCUSDT","t":1211419841,"p":"46104.80000000","q":"0.00229000","b":8865736520,"a":8865736101,"T":1641385661661,"m":false,"M":true}
{"e":"trade","E":1641385661670,"s":"BTCUSDT","t":1211419842,"p":"46105.31000000","q":"0.00100000","b":8865736529,"a":8865736225,"T":1641385661670,"m":false,"M":true}
{"e":"trade","E":1641385661760,"s":"BTCUSDT","t":1211419843,"p":"46112.30000000","q":"0.03288000","b":8865736566,"a":8865736602,"T":1641385661759,"m":true,"M":true}
{"e":"trade","E":1641385661915,"s":"BTCUSDT","t":1211419844,"p":"46113.56000000","q":"0.00028000","b":8865736657,"a":8865736474,"T":1641385661915,"m":false,"M":true}
{"e":"trade","E":1641385661944,"s":"BTCUSDT","t":1211419845,"p":"46113.56000000","q":"0.00032000","b":8865736669,"a":8865736474,"T":1641385661944,"m":false,"M":true}
{"e":"trade","E":1641385661999,"s":"BTCUSDT","t":1211419846,"p":"46113.55000000","q":"0.21592000","b":8865736608,"a":8865736676,"T":1641385661999,"m":true,"M":true}
{"e":"trade","E":1641385662031,"s":"BTCUSDT","t":1211419847,"p":"46113.55000000","q":"0.00173000","b":8865736608,"a":8865736681,"T":1641385662031,"m":true,"M":true}
{"e":"trade","E":1641385662073,"s":"BTCUSDT","t":1211419848,"p":"46113.55000000","q":"0.01995000","b":8865736608,"a":8865736689,"T":1641385662072,"m":true,"M":true}
{"e":"trade","E":1641385662073,"s":"BTCUSDT","t":1211419849,"p":"46113.55000000","q":"0.02823000","b":8865736611,"a":8865736689,"T":1641385662072,"m":true,"M":true}
{"e":"trade","E":1641385662073,"s":"BTCUSDT","t":1211419850,"p":"46113.55000000","q":"0.16594000","b":8865736612,"a":8865736689,"T":1641385662072,"m":true,"M":true}
{"e":"trade","E":1641385662093,"s":"BTCUSDT","t":1211419851,"p":"46113.56000000","q":"0.00961000","b":8865736692,"a":8865736474,"T":1641385662093,"m":false,"M":true}
{"e":"trade","E":1641385662113,"s":"BTCUSDT","t":1211419852,"p":"46113.56000000","q":"0.00027000","b":8865736695,"a":8865736474,"T":1641385662112,"m":false,"M":true}
{"e":"trade","E":1641385662141,"s":"BTCUSDT","t":1211419853,"p":"46113.38000000","q":"0.01651000","b":8865736680,"a":8865736704,"T":1641385662141,"m":true,"M":true}
{"e":"trade","E":1641385662141,"s":"BTCUSDT","t":1211419854,"p":"46112.31000000","q":"0.00047000","b":8865736628,"a":8865736704,"T":1641385662141,"m":true,"M":true}
{"e":"trade","E":1641385662141,"s":"BTCUSDT","t":1211419855,"p":"46112.30000000","q":"0.07201000","b":8865736589,"a":8865736704,"T":1641385662141,"m":true,"M":true}
{"e":"trade","E":1641385662180,"s":"BTCUSDT","t":1211419856,"p":"46112.31000000","q":"0.00034000","b":8865736725,"a":8865736708,"T":1641385662179,"m":false,"M":true}
{"e":"trade","E":1641385662217,"s":"BTCUSDT","t":1211419857,"p":"46108.96000000","q":"0.08457000","b":8865736694,"a":8865736737,"T":1641385662216,"m":true,"M":true}
{"e":"trade","E":1641385662217,"s":"BTCUSDT","t":1211419858,"p":"46108.33000000","q":"0.08458000","b":8865736595,"a":8865736737,"T":1641385662216,"m":true,"M":true}
{"e":"trade","E":1641385662217,"s":"BTCUSDT","t":1211419859,"p":"46108.32000000","q":"0.05581000","b":8865736571,"a":8865736737,"T":1641385662216,"m":true,"M":true}
{"e":"trade","E":1641385662234,"s":"BTCUSDT","t":1211419860,"p":"46111.73000000","q":"0.00028000","b":8865736744,"a":8865736739,"T":1641385662234,"m":false,"M":true}
{"e":"trade","E":1641385662262,"s":"BTCUSDT","t":1211419861,"p":"46111.47000000","q":"0.01255000","b":8865736759,"a":8865736755,"T":1641385662261,"m":false,"M":true}
{"e":"trade","E":1641385662449,"s":"BTCUSDT","t":1211419862,"p":"46110.17000000","q":"0.00130000","b":8865736790,"a":8865736802,"T":1641385662449,"m":true,"M":true}
{"e":"trade","E":1641385662515,"s":"BTCUSDT","t":1211419863,"p":"46112.84000000","q":"0.00081000","b":8865736812,"a":8865736749,"T":1641385662514,"m":false,"M":true}
{"e":"trade","E":1641385662581,"s":"BTCUSDT","t":1211419864,"p":"46112.83000000","q":"0.02389000","b":8865736813,"a":8865736826,"T":1641385662580,"m":true,"M":true}
{"e":"trade","E":1641385662738,"s":"BTCUSDT","t":1211419865,"p":"46112.83000000","q":"0.00022000","b":8865736813,"a":8865736837,"T":1641385662738,"m":true,"M":true}
{"e":"trade","E":1641385663068,"s":"BTCUSDT","t":1211419866,"p":"46112.84000000","q":"0.00111000","b":8865736941,"a":8865736834,"T":1641385663068,"m":false,"M":true}
{"e":"trade","E":1641385663068,"s":"BTCUSDT","t":1211419867,"p":"46113.60000000","q":"0.00043000","b":8865736941,"a":8865736665,"T":1641385663068,"m":false,"M":true}
{"e":"trade","E":1641385663068,"s":"BTCUSDT","t":1211419868,"p":"46114.88000000","q":"0.00680000","b":8865736941,"a":8865735988,"T":1641385663068,"m":false,"M":true}
{"e":"trade","E":1641385663068,"s":"BTCUSDT","t":1211419869,"p":"46115.08000000","q":"0.07646000","b":8865736941,"a":8865736865,"T":1641385663068,"m":false,"M":true}
{"e":"trade","E":1641385663068,"s":"BTCUSDT","t":1211419870,"p":"46112.83000000","q":"0.15919000","b":8865736894,"a":8865736942,"T":1641385663068,"m":true,"M":true}
{"e":"trade","E":1641385663068,"s":"BTCUSDT","t":1211419871,"p":"46115.08000000","q":"0.03198000","b":8865736943,"a":8865736865,"T":1641385663068,"m":false,"M":true}
{"e":"trade","E":1641385663151,"s":"BTCUSDT","t":1211419872,"p":"46116.61000000","q":"0.00070000","b":8865736948,"a":8865737015,"T":1641385663150,"m":true,"M":true}
{"e":"trade","E":1641385663230,"s":"BTCUSDT","t":1211419873,"p":"46116.61000000","q":"0.00144000","b":8865736948,"a":8865737040,"T":1641385663230,"m":true,"M":true}
{"e":"trade","E":1641385663452,"s":"BTCUSDT","t":1211419874,"p":"46116.62000000","q":"0.00657000","b":8865737097,"a":8865728422,"T":1641385663451,"m":false,"M":true}
{"e":"trade","E":1641385663452,"s":"BTCUSDT","t":1211419875,"p":"46119.52000000","q":"0.01651000","b":8865737097,"a":8865736679,"T":1641385663451,"m":false,"M":true}
{"e":"trade","E":1641385663452,"s":"BTCUSDT","t":1211419876,"p":"46120.65000000","q":"0.00692000","b":8865737097,"a":8865725497,"T":1641385663451,"m":false,"M":true}
{"e":"trade","E":1641385663716,"s":"BTCUSDT","t":1211419877,"p":"46120.64000000","q":"0.00248000","b":8865737116,"a":8865737190,"T":1641385663715,"m":true,"M":true}
{"e":"trade","E":1641385663945,"s":"BTCUSDT","t":1211419878,"p":"46120.65000000","q":"0.05903000","b":8865737213,"a":8865725497,"T":1641385663945,"m":false,"M":true}
{"e":"trade","E":1641385663945,"s":"BTCUSDT","t":1211419879,"p":"46120.65000000","q":"0.28997000","b":8865737213,"a":8865737210,"T":1641385663945,"m":false,"M":true}
{"e":"trade","E":1641385664041,"s":"BTCUSDT","t":1211419880,"p":"46122.95000000","q":"0.00052000","b":8865737218,"a":8865737258,"T":1641385664041,"m":true,"M":true}
{"e":"trade","E":1641385664455,"s":"BTCUSDT","t":1211419881,"p":"46122.96000000","q":"0.00109000","b":8865737320,"a":8865737282,"T":1641385664454,"m":false,"M":true}
{"e":"trade","E":1641385664869,"s":"BTCUSDT","t":1211419882,"p":"46122.95000000","q":"0.03620000","b":8865737218,"a":8865737344,"T":1641385664868,"m":true,"M":true}
{"e":"trade","E":1641385665287,"s":"BTCUSDT","t":1211419883,"p":"46122.95000000","q":"0.00433000","b":8865737218,"a":8865737377,"T":1641385665287,"m":true,"M":true}
{"e":"trade","E":1641385665602,"s":"BTCUSDT","t":1211419884,"p":"46122.95000000","q":"0.00377000","b":8865737300,"a":8865737430,"T":1641385665601,"m":true,"M":true}
{"e":"trade","E":1641385665640,"s":"BTCUSDT","t":1211419885,"p":"46122.96000000","q":"0.00936000","b":8865737439,"a":8865737282,"T":1641385665639,"m":false,"M":true}
{"e":"trade","E":1641385665720,"s":"BTCUSDT","t":1211419886,"p":"46122.95000000","q":"0.00349000","b":8865737300,"a":8865737455,"T":1641385665720,"m":true,"M":true}
{"e":"trade","E":1641385665938,"s":"BTCUSDT","t":1211419887,"p":"46122.95000000","q":"0.00116000","b":8865737300,"a":8865737527,"T":1641385665937,"m":true,"M":true}
{"e":"trade","E":1641385665989,"s":"BTCUSDT","t":1211419888,"p":"46122.96000000","q":"0.00114000","b":8865737546,"a":8865737284,"T":1641385665988,"m":false,"M":true}
{"e":"trade","E":1641385666030,"s":"BTCUSDT","t":1211419889,"p":"46122.96000000","q":"0.00149000","b":8865737560,"a":8865737284,"T":1641385666030,"m":false,"M":true}
{"e":"trade","E":1641385666290,"s":"BTCUSDT","t":1211419890,"p":"46122.95000000","q":"0.00780000","b":8865737300,"a":8865737610,"T":1641385666289,"m":true,"M":true}
{"e":"trade","E":1641385666345,"s":"BTCUSDT","t":1211419891,"p":"46122.96000000","q":"0.00025000","b":8865737620,"a":8865737284,"T":1641385666345,"m":false,"M":true}
{"e":"trade","E":1641385666771,"s":"BTCUSDT","t":1211419892,"p":"46122.78000000","q":"0.00222000","b":8865737358,"a":8865737666,"T":1641385666770,"m":true,"M":true}
{"e":"trade","E":1641385667287,"s":"BTCUSDT","t":1211419893,"p":"46122.79000000","q":"0.00728000","b":8865737751,"a":8865737652,"T":1641385667286,"m":false,"M":true}
{"e":"trade","E":1641385667395,"s":"BTCUSDT","t":1211419894,"p":"46122.79000000","q":"0.02092000","b":8865737760,"a":8865737652,"T":1641385667395,"m":false,"M":true}
{"e":"trade","E":1641385667673,"s":"BTCUSDT","t":1211419895,"p":"46122.78000000","q":"0.00544000","b":8865737358,"a":8865737789,"T":1641385667673,"m":true,"M":true}
{"e":"trade","E":1641385668084,"s":"BTCUSDT","t":1211419896,"p":"46122.78000000","q":"0.00879000","b":8865737358,"a":8865737812,"T":1641385668083,"m":true,"M":true}
{"e":"trade","E":1641385668226,"s":"BTCUSDT","t":1211419897,"p":"46122.79000000","q":"0.00013000","b":8865737823,"a":8865737652,"T":1641385668225,"m":false,"M":true}
{"e":"trade","E":1641385668226,"s":"BTCUSDT","t":1211419898,"p":"46122.79000000","q":"0.00242000","b":8865737823,"a":8865737656,"T":1641385668225,"m":false,"M":true}
{"e":"trade","E":1641385668481,"s":"BTCUSDT","t":1211419899,"p":"46122.78000000","q":"0.00001000","b":8865737358,"a":8865737852,"T":1641385668480,"m":true,"M":true}
{"e":"trade","E":1641385668481,"s":"BTCUSDT","t":1211419900,"p":"46122.78000000","q":"0.01438000","b":8865737830,"a":8865737852,"T":1641385668480,"m":true,"M":true}
{"e":"trade","E":1641385668481,"s":"BTCUSDT","t":1211419901,"p":"46122.78000000","q":"0.09175000","b":8865737838,"a":8865737852,"T":1641385668480,"m":true,"M":true}
{"e":"trade","E":1641385668522,"s":"BTCUSDT","t":1211419902,"p":"46122.78000000","q":"0.03497000","b":8865737838,"a":8865737859,"T":1641385668521,"m":true,"M":true}
{"e":"trade","E":1641385668592,"s":"BTCUSDT","t":1211419903,"p":"46122.78000000","q":"0.00618000","b":8865737838,"a":8865737871,"T":1641385668592,"m":true,"M":true}
{"e":"trade","E":1641385668734,"s":"BTCUSDT","t":1211419904,"p":"46122.78000000","q":"0.12246000","b":8865737838,"a":8865737879,"T":1641385668733,"m":true,"M":true}
{"e":"trade","E":1641385669065,"s":"BTCUSDT","t":1211419905,"p":"46122.78000000","q":"0.03025000","b":8865737838,"a":8865737914,"T":1641385669065,"m":true,"M":true}
{"e":"trade","E":1641385669069,"s":"BTCUSDT","t":1211419906,"p":"46122.78000000","q":"0.09310000","b":8865737838,"a":8865737915,"T":1641385669068,"m":true,"M":true}
{"e":"trade","E":1641385669069,"s":"BTCUSDT","t":1211419907,"p":"46122.78000000","q":"0.01313000","b":8865737890,"a":8865737915,"T":1641385669068,"m":true,"M":true}
{"e":"trade","E":1641385669069,"s":"BTCUSDT","t":1211419908,"p":"46122.78000000","q":"0.03007000","b":8865737912,"a":8865737915,"T":1641385669068,"m":true,"M":true}
{"e":"trade","E":1641385669085,"s":"BTCUSDT","t":1211419909,"p":"46118.18000000","q":"0.03341000","b":8865737840,"a":8865737939,"T":1641385669084,"m":true,"M":true}
{"e":"trade","E":1641385669102,"s":"BTCUSDT","t":1211419910,"p":"46117.19000000","q":"0.01534000","b":8865737795,"a":8865737974,"T":1641385669101,"m":true,"M":true}
{"e":"trade","E":1641385669112,"s":"BTCUSDT","t":1211419911,"p":"46112.95000000","q":"0.01500000","b":8865737958,"a":8865738000,"T":1641385669111,"m":true,"M":true}
{"e":"trade","E":1641385669115,"s":"BTCUSDT","t":1211419912,"p":"46112.95000000","q":"0.01387000","b":8865737958,"a":8865738006,"T":1641385669114,"m":true,"M":true}
{"e":"trade","E":1641385669232,"s":"BTCUSDT","t":1211419913,"p":"46112.31000000","q":"0.00395000","b":8865738127,"a":8865738073,"T":1641385669232,"m":false,"M":true}
{"e":"trade","E":1641385669268,"s":"BTCUSDT","t":1211419914,"p":"46112.30000000","q":"0.00216000","b":8865737702,"a":8865738139,"T":1641385669268,"m":true,"M":true}
{"e":"trade","E":1641385669372,"s":"BTCUSDT","t":1211419915,"p":"46108.98000000","q":"0.00216000","b":8865738225,"a":8865738148,"T":1641385669372,"m":false,"M":true}
{"e":"trade","E":1641385669393,"s":"BTCUSDT","t":1211419916,"p":"46108.97000000","q":"0.00064000","b":8865736917,"a":8865738241,"T":1641385669393,"m":true,"M":true}
{"e":"trade","E":1641385669433,"s":"BTCUSDT","t":1211419917,"p":"46108.97000000","q":"0.01675000","b":8865736917,"a":8865738261,"T":1641385669433,"m":true,"M":true}
{"e":"trade","E":1641385669433,"s":"BTCUSDT","t":1211419918,"p":"46105.50000000","q":"0.02500000","b":8865737989,"a":8865738261,"T":1641385669433,"m":true,"M":true}
{"e":"trade","E":1641385669433,"s":"BTCUSDT","t":1211419919,"p":"46104.80000000","q":"0.03325000","b":8865736540,"a":8865738261,"T":1641385669433,"m":true,"M":true}
{"e":"trade","E":1641385669462,"s":"BTCUSDT","t":1211419920,"p":"46103.71000000","q":"0.08900000","b":8865738007,"a":8865738293,"T":1641385669461,"m":true,"M":true}
{"e":"trade","E":1641385669462,"s":"BTCUSDT","t":1211419921,"p":"46103.57000000","q":"0.01287000","b":8865736492,"a":8865738293,"T":1641385669461,"m":true,"M":true}
{"e":"trade","E":1641385669499,"s":"BTCUSDT","t":1211419922,"p":"46103.58000000","q":"0.00411000","b":8865738328,"a":8865738301,"T":1641385669499,"m":false,"M":true}
{"e":"trade","E":1641385669586,"s":"BTCUSDT","t":1211419923,"p":"46103.58000000","q":"0.00607000","b":8865738367,"a":8865738301,"T":1641385669585,"m":false,"M":true}
{"e":"trade","E":1641385669643,"s":"BTCUSDT","t":1211419924,"p":"46103.57000000","q":"0.00050000","b":8865736551,"a":8865738390,"T":1641385669643,"m":true,"M":true}
{"e":"trade","E":1641385669664,"s":"BTCUSDT","t":1211419925,"p":"46103.58000000","q":"0.01041000","b":8865738398,"a":8865738301,"T":1641385669664,"m":false,"M":true}
{"e":"trade","E":1641385669725,"s":"BTCUSDT","t":1211419926,"p":"46103.57000000","q":"0.00096000","b":8865736551,"a":8865738415,"T":1641385669725,"m":true,"M":true}
{"e":"trade","E":1641385669923,"s":"BTCUSDT","t":1211419927,"p":"46103.57000000","q":"0.00101000","b":8865736551,"a":8865738468,"T":1641385669923,"m":true,"M":true}
{"e":"trade","E":1641385669995,"s":"BTCUSDT","t":1211419928,"p":"46101.81000000","q":"0.00050000","b":8865738517,"a":8865738469,"T":1641385669994,"m":false,"M":true}
{"e":"trade","E":1641385670031,"s":"BTCUSDT","t":1211419929,"p":"46101.80000000","q":"0.00911000","b":8865736059,"a":8865738526,"T":1641385670030,"m":true,"M":true}
{"e":"trade","E":1641385670031,"s":"BTCUSDT","t":1211419930,"p":"46101.80000000","q":"0.00275000","b":8865736171,"a":8865738526,"T":1641385670030,"m":true,"M":true}
{"e":"trade","E":1641385670031,"s":"BTCUSDT","t":1211419931,"p":"46101.79000000","q":"0.00105000","b":8865734750,"a":8865738526,"T":1641385670030,"m":true,"M":true}
{"e":"trade","E":1641385670031,"s":"BTCUSDT","t":1211419932,"p":"46101.79000000","q":"0.00032000","b":8865735036,"a":8865738526,"T":1641385670030,"m":true,"M":true}
{"e":"trade","E":1641385670031,"s":"BTCUSDT","t":1211419933,"p":"46101.79000000","q":"0.00114000","b":8865735669,"a":8865738526,"T":1641385670030,"m":true,"M":true}
{"e":"trade","E":1641385670105,"s":"BTCUSDT","t":1211419934,"p":"46101.80000000","q":"0.00148000","b":8865738562,"a":8865738529,"T":1641385670104,"m":false,"M":true}
{"e":"trade","E":1641385670113,"s":"BTCUSDT","t":1211419935,"p":"46101.79000000","q":"0.00519000","b":8865735669,"a":8865738565,"T":1641385670112,"m":true,"M":true}
{"e":"trade","E":1641385670115,"s":"BTCUSDT","t":1211419936,"p":"46101.80000000","q":"0.00607000","b":8865738566,"a":8865738529,"T":1641385670114,"m":false,"M":true}
{"e":"trade","E":1641385670262,"s":"BTCUSDT","t":1211419937,"p":"46101.80000000","q":"0.00607000","b":8865738606,"a":8865738529,"T":1641385670261,"m":false,"M":true}
{"e":"trade","E":1641385670341,"s":"BTCUSDT","t":1211419938,"p":"46101.79000000","q":"0.00074000","b":8865735669,"a":8865738624,"T":1641385670341,"m":true,"M":true}
{"e":"trade","E":1641385670710,"s":"BTCUSDT","t":1211419939,"p":"46101.80000000","q":"0.00114000","b":8865738654,"a":8865738529,"T":1641385670709,"m":false,"M":true}
{"e":"trade","E":1641385670814,"s":"BTCUSDT","t":1211419940,"p":"46101.80000000","q":"0.00444000","b":8865738672,"a":8865738529,"T":1641385670814,"m":false,"M":true}
{"e":"trade","E":1641385671431,"s":"BTCUSDT","t":1211419941,"p":"46101.80000000","q":"0.00139000","b":8865738703,"a":8865738529,"T":1641385671430,"m":false,"M":true}
{"e":"trade","E":1641385671477,"s":"BTCUSDT","t":1211419942,"p":"46101.79000000","q":"0.00108000","b":8865735669,"a":8865738707,"T":1641385671476,"m":true,"M":true}
{"e":"trade","E":1641385671524,"s":"BTCUSDT","t":1211419943,"p":"46101.79000000","q":"0.00013000","b":8865735669,"a":8865738710,"T":1641385671523,"m":true,"M":true}
{"e":"trade","E":1641385671524,"s":"BTCUSDT","t":1211419944,"p":"46101.79000000","q":"0.00127000","b":8865735939,"a":8865738710,"T":1641385671523,"m":true,"M":true}
{"e":"trade","E":1641385671565,"s":"BTCUSDT","t":1211419945,"p":"46101.79000000","q":"0.00089000","b":8865735939,"a":8865738716,"T":1641385671565,"m":true,"M":true}
{"e":"trade","E":1641385671565,"s":"BTCUSDT","t":1211419946,"p":"46101.63000000","q":"0.01041000","b":8865738528,"a":8865738716,"T":1641385671565,"m":true,"M":true}
{"e":"trade","E":1641385671684,"s":"BTCUSDT","t":1211419947,"p":"46101.64000000","q":"0.00040000","b":8865738740,"a":8865738719,"T":1641385671684,"m":false,"M":true}
{"e":"trade","E":1641385671718,"s":"BTCUSDT","t":1211419948,"p":"46101.63000000","q":"0.00050000","b":8865738528,"a":8865738744,"T":1641385671717,"m":true,"M":true}
{"e":"trade","E":1641385671774,"s":"BTCUSDT","t":1211419949,"p":"46101.63000000","q":"0.00055000","b":8865738528,"a":8865738752,"T":1641385671774,"m":true,"M":true}
{"e":"trade","E":1641385671850,"s":"BTCUSDT","t":1211419950,"p":"46101.64000000","q":"0.37996000","b":8865738756,"a":8865738719,"T":1641385671850,"m":false,"M":true}
{"e":"trade","E":1641385671850,"s":"BTCUSDT","t":1211419951,"p":"46101.64000000","q":"0.38038000","b":8865738756,"a":8865738720,"T":1641385671850,"m":false,"M":true}
{"e":"trade","E":1641385671850,"s":"BTCUSDT","t":1211419952,"p":"46101.64000000","q":"0.17637000","b":8865738756,"a":8865738721,"T":1641385671850,"m":false,"M":true}
{"e":"trade","E":1641385672009,"s":"BTCUSDT","t":1211419953,"p":"46101.64000000","q":"0.00140000","b":8865738809,"a":8865738727,"T":1641385672008,"m":false,"M":true}
{"e":"trade","E":1641385672093,"s":"BTCUSDT","t":1211419954,"p":"46101.63000000","q":"0.00049000","b":8865738528,"a":8865738829,"T":1641385672092,"m":true,"M":true}
{"e":"trade","E":1641385672800,"s":"BTCUSDT","t":1211419955,"p":"46101.63000000","q":"0.00451000","b":8865738528,"a":8865738920,"T":1641385672800,"m":true,"M":true}
{"e":"trade","E":1641385672800,"s":"BTCUSDT","t":1211419956,"p":"46101.63000000","q":"0.00049000","b":8865738755,"a":8865738920,"T":1641385672800,"m":true,"M":true}
{"e":"trade","E":1641385673720,"s":"BTCUSDT","t":1211419957,"p":"46101.63000000","q":"0.00056000","b":8865738755,"a":8865738974,"T":1641385673720,"m":true,"M":true}
{"e":"trade","E":1641385673948,"s":"BTCUSDT","t":1211419958,"p":"46101.64000000","q":"0.00069000","b":8865738983,"a":8865738727,"T":1641385673947,"m":false,"M":true}
{"e":"trade","E":1641385674201,"s":"BTCUSDT","t":1211419959,"p":"46101.64000000","q":"0.00374000","b":8865738994,"a":8865738727,"T":1641385674200,"m":false,"M":true}
{"e":"trade","E":1641385674201,"s":"BTCUSDT","t":1211419960,"p":"46101.64000000","q":"0.00222000","b":8865738994,"a":8865738835,"T":1641385674200,"m":false,"M":true}
{"e":"trade","E":1641385674201,"s":"BTCUSDT","t":1211419961,"p":"46101.64000000","q":"0.00507000","b":8865738994,"a":8865738838,"T":1641385674200,"m":false,"M":true}
{"e":"trade","E":1641385674201,"s":"BTCUSDT","t":1211419962,"p":"46101.64000000","q":"0.00520000","b":8865738994,"a":8865738956,"T":1641385674200,"m":false,"M":true}
{"e":"trade","E":1641385674201,"s":"BTCUSDT","t":1211419963,"p":"46101.64000000","q":"0.03829000","b":8865738994,"a":8865738985,"T":1641385674200,"m":false,"M":true}
{"e":"trade","E":1641385674217,"s":"BTCUSDT","t":1211419964,"p":"46101.63000000","q":"0.01392000","b":8865738755,"a":8865738996,"T":1641385674217,"m":true,"M":true}
{"e":"trade","E":1641385674269,"s":"BTCUSDT","t":1211419965,"p":"46101.64000000","q":"0.00150000","b":8865739007,"a":8865738985,"T":1641385674268,"m":false,"M":true}
{"e":"trade","E":1641385674326,"s":"BTCUSDT","t":1211419966,"p":"46101.64000000","q":"0.01586000","b":8865739012,"a":8865738985,"T":1641385674325,"m":false,"M":true}
{"e":"trade","E":1641385674752,"s":"BTCUSDT","t":1211419967,"p":"46101.64000000","q":"0.17573000","b":8865739039,"a":8865738985,"T":1641385674751,"m":false,"M":true}
{"e":"trade","E":1641385675156,"s":"BTCUSDT","t":1211419968,"p":"46101.63000000","q":"0.00161000","b":8865738811,"a":8865739089,"T":1641385675156,"m":true,"M":true}
{"e":"trade","E":1641385675549,"s":"BTCUSDT","t":1211419969,"p":"46101.68000000","q":"0.00166000","b":8865739153,"a":8865739113,"T":1641385675549,"m":false,"M":true}
{"e":"trade","E":1641385675597,"s":"BTCUSDT","t":1211419970,"p":"46101.68000000","q":"0.00129000","b":8865739204,"a":8865739113,"T":1641385675596,"m":false,"M":true}
{"e":"trade","E":1641385675624,"s":"BTCUSDT","t":1211419971,"p":"46101.68000000","q":"0.00040000","b":8865739210,"a":8865739113,"T":1641385675623,"m":false,"M":true}
{"e":"trade","E":1641385675638,"s":"BTCUSDT","t":1211419972,"p":"46101.83000000","q":"0.00105000","b":8865739230,"a":8865738468,"T":1641385675638,"m":false,"M":true}
{"e":"trade","E":1641385675650,"s":"BTCUSDT","t":1211419973,"p":"46103.57000000","q":"0.01087000","b":8865739237,"a":8865739244,"T":1641385675650,"m":true,"M":true}
{"e":"trade","E":1641385675744,"s":"BTCUSDT","t":1211419974,"p":"46103.58000000","q":"0.02000000","b":8865739283,"a":8865738851,"T":1641385675743,"m":false,"M":true}
{"e":"trade","E":1641385675804,"s":"BTCUSDT","t":1211419975,"p":"46103.58000000","q":"0.13667000","b":8865739297,"a":8865738851,"T":1641385675804,"m":false,"M":true}
{"e":"trade","E":1641385675810,"s":"BTCUSDT","t":1211419976,"p":"46103.58000000","q":"0.02000000","b":8865739302,"a":8865738851,"T":1641385675810,"m":false,"M":true}
{"e":"trade","E":1641385675847,"s":"BTCUSDT","t":1211419977,"p":"46105.51000000","q":"0.00216000","b":8865739341,"a":8865738545,"T":1641385675846,"m":false,"M":true}
{"e":"trade","E":1641385675871,"s":"BTCUSDT","t":1211419978,"p":"46105.50000000","q":"0.00080000","b":8865739304,"a":8865739345,"T":1641385675870,"m":true,"M":true}
{"e":"trade","E":1641385675975,"s":"BTCUSDT","t":1211419979,"p":"46105.50000000","q":"0.00400000","b":8865739304,"a":8865739366,"T":1641385675974,"m":true,"M":true}
{"e":"trade","E":1641385675981,"s":"BTCUSDT","t":1211419980,"p":"46105.51000000","q":"0.01430000","b":8865739368,"a":8865738545,"T":1641385675981,"m":false,"M":true}
{"e":"trade","E":1641385675981,"s":"BTCUSDT","t":1211419981,"p":"46111.70000000","q":"0.00570000","b":8865739368,"a":8865739303,"T":1641385675981,"m":false,"M":true}
{"e":"trade","E":1641385676071,"s":"BTCUSDT","t":1211419982,"p":"46111.69000000","q":"0.02897000","b":8865739381,"a":8865739411,"T":1641385676071,"m":true,"M":true}
{"e":"trade","E":1641385676159,"s":"BTCUSDT","t":1211419983,"p":"46111.69000000","q":"0.00118000","b":8865739381,"a":8865739422,"T":1641385676158,"m":true,"M":true}
{"e":"trade","E":1641385676195,"s":"BTCUSDT","t":1211419984,"p":"46111.69000000","q":"0.00519000","b":8865739381,"a":8865739431,"T":1641385676195,"m":true,"M":true}
{"e":"trade","E":1641385676239,"s":"BTCUSDT","t":1211419985,"p":"46111.69000000","q":"0.01781000","b":8865739381,"a":8865739438,"T":1641385676239,"m":true,"M":true}
{"e":"trade","E":1641385676241,"s":"BTCUSDT","t":1211419986,"p":"46111.70000000","q":"0.00047000","b":8865739439,"a":8865739303,"T":1641385676240,"m":false,"M":true}
{"e":"trade","E":1641385676367,"s":"BTCUSDT","t":1211419987,"p":"46111.70000000","q":"0.11190000","b":8865739467,"a":8865739303,"T":1641385676367,"m":false,"M":true}
{"e":"trade","E":1641385676367,"s":"BTCUSDT","t":1211419988,"p":"46111.70000000","q":"0.03440000","b":8865739467,"a":8865739424,"T":1641385676367,"m":false,"M":true}
{"e":"trade","E":1641385676632,"s":"BTCUSDT","t":1211419989,"p":"46111.69000000","q":"0.00544000","b":8865739381,"a":8865739503,"T":1641385676632,"m":true,"M":true}
{"e":"trade","E":1641385676632,"s":"BTCUSDT","t":1211419990,"p":"46111.69000000","q":"0.01043000","b":8865739388,"a":8865739503,"T":1641385676632,"m":true,"M":true}
{"e":"trade","E":1641385676924,"s":"BTCUSDT","t":1211419991,"p":"46111.70000000","q":"0.00908000","b":8865739522,"a":8865739424,"T":1641385676924,"m":false,"M":true}
{"e":"trade","E":1641385677013,"s":"BTCUSDT","t":1211419992,"p":"46111.69000000","q":"0.01087000","b":8865739388,"a":8865739530,"T":1641385677012,"m":true,"M":true}
{"e":"trade","E":1641385677210,"s":"BTCUSDT","t":1211419993,"p":"46111.69000000","q":"0.02578000","b":8865739388,"a":8865739540,"T":1641385677209,"m":true,"M":true}
{"e":"trade","E":1641385677563,"s":"BTCUSDT","t":1211419994,"p":"46111.69000000","q":"0.00538000","b":8865739388,"a":8865739560,"T":1641385677563,"m":true,"M":true}
{"e":"trade","E":1641385677733,"s":"BTCUSDT","t":1211419995,"p":"46111.69000000","q":"0.00302000","b":8865739388,"a":8865739567,"T":1641385677732,"m":true,"M":true}
{"e":"trade","E":1641385677778,"s":"BTCUSDT","t":1211419996,"p":"46111.70000000","q":"0.01419000","b":8865739569,"a":8865739432,"T":1641385677777,"m":false,"M":true}
{"e":"trade","E":1641385677832,"s":"BTCUSDT","t":1211419997,"p":"46111.70000000","q":"0.00034000","b":8865739578,"a":8865739432,"T":1641385677831,"m":false,"M":true}
{"e":"trade","E":1641385677943,"s":"BTCUSDT","t":1211419998,"p":"46111.70000000","q":"0.01084000","b":8865739583,"a":8865739432,"T":1641385677943,"m":false,"M":true}
{"e":"trade","E":1641385678133,"s":"BTCUSDT","t":1211419999,"p":"46111.70000000","q":"0.03986000","b":8865739587,"a":8865739432,"T":1641385678132,"m":false,"M":true}
{"e":"trade","E":1641385678192,"s":"BTCUSDT","t":1211420000,"p":"46111.70000000","q":"0.00267000","b":8865739589,"a":8865739432,"T":1641385678191,"m":false,"M":true}
{"e":"trade","E":1641385678228,"s":"BTCUSDT","t":1211420001,"p":"46111.69000000","q":"0.00026000","b":8865739388,"a":8865739591,"T":1641385678228,"m":true,"M":true}
{"e":"trade","E":1641385678490,"s":"BTCUSDT","t":1211420002,"p":"46111.69000000","q":"0.00089000","b":8865739388,"a":8865739604,"T":1641385678490,"m":true,"M":true}
{"e":"trade","E":1641385678901,"s":"BTCUSDT","t":1211420003,"p":"46111.70000000","q":"0.01046000","b":8865739631,"a":8865739432,"T":1641385678901,"m":false,"M":true}
{"e":"trade","E":1641385679589,"s":"BTCUSDT","t":1211420004,"p":"46111.69000000","q":"0.08900000","b":8865739646,"a":8865739714,"T":1641385679588,"m":true,"M":true}
{"e":"trade","E":1641385679589,"s":"BTCUSDT","t":1211420005,"p":"46111.69000000","q":"0.02660000","b":8865739678,"a":8865739714,"T":1641385679588,"m":true,"M":true}
{"e":"trade","E":1641385679700,"s":"BTCUSDT","t":1211420006,"p":"46111.52000000","q":"0.00515000","b":8865739407,"a":8865739744,"T":1641385679693,"m":true,"M":true}
{"e":"trade","E":1641385679824,"s":"BTCUSDT","t":1211420007,"p":"46111.52000000","q":"0.01131000","b":8865739407,"a":8865739757,"T":1641385679823,"m":true,"M":true}
{"e":"trade","E":1641385679824,"s":"BTCUSDT","t":1211420008,"p":"46106.68000000","q":"0.00995000","b":8865739635,"a":8865739757,"T":1641385679823,"m":true,"M":true}
{"e":"trade","E":1641385679896,"s":"BTCUSDT","t":1211420009,"p":"46106.69000000","q":"0.02898000","b":8865739810,"a":8865739763,"T":1641385679895,"m":false,"M":true}
{"e":"trade","E":1641385679896,"s":"BTCUSDT","t":1211420010,"p":"46106.69000000","q":"0.14474000","b":8865739810,"a":8865739807,"T":1641385679895,"m":false,"M":true}
{"e":"trade","E":1641385679958,"s":"BTCUSDT","t":1211420011,"p":"46106.69000000","q":"0.00122000","b":8865739822,"a":8865739807,"T":1641385679958,"m":false,"M":true}
{"e":"trade","E":1641385679962,"s":"BTCUSDT","t":1211420012,"p":"46106.68000000","q":"0.00097000","b":8865739766,"a":8865739823,"T":1641385679961,"m":true,"M":true}
{"e":"trade","E":1641385679969,"s":"BTCUSDT","t":1211420013,"p":"46106.68000000","q":"0.00064000","b":8865739766,"a":8865739827,"T":1641385679968,"m":true,"M":true}
{"e":"trade","E":1641385679973,"s":"BTCUSDT","t":1211420014,"p":"46106.69000000","q":"0.00063000","b":8865739829,"a":8865739807,"T":1641385679973,"m":false,"M":true}
{"e":"trade","E":1641385679976,"s":"BTCUSDT","t":1211420015,"p":"46106.68000000","q":"0.00089000","b":8865739766,"a":8865739830,"T":1641385679975,"m":true,"M":true}
{"e":"trade","E":1641385679978,"s":"BTCUSDT","t":1211420016,"p":"46106.69000000","q":"0.00028000","b":8865739831,"a":8865739807,"T":1641385679978,"m":false,"M":true}
{"e":"trade","E":1641385679979,"s":"BTCUSDT","t":1211420017,"p":"46106.68000000","q":"0.00106000","b":8865739766,"a":8865739832,"T":1641385679979,"m":true,"M":true}
{"e":"trade","E":1641385679980,"s":"BTCUSDT","t":1211420018,"p":"46106.69000000","q":"0.00148000","b":8865739833,"a":8865739807,"T":1641385679979,"m":false,"M":true}
{"e":"trade","E":1641385679982,"s":"BTCUSDT","t":1211420019,"p":"46106.69000000","q":"0.00057000","b":8865739834,"a":8865739807,"T":1641385679982,"m":false,"M":true}
{"e":"trade","E":1641385679985,"s":"BTCUSDT","t":1211420020,"p":"46106.69000000","q":"0.00145000","b":8865739835,"a":8865739807,"T":1641385679984,"m":false,"M":true}
{"e":"trade","E":1641385679985,"s":"BTCUSDT","t":1211420021,"p":"46106.68000000","q":"0.00246000","b":8865739766,"a":8865739836,"T":1641385679984,"m":true,"M":true}
{"e":"trade","E":1641385679986,"s":"BTCUSDT","t":1211420022,"p":"46106.68000000","q":"0.00080000","b":8865739766,"a":8865739837,"T":1641385679985,"m":true,"M":true}
{"e":"trade","E":1641385679988,"s":"BTCUSDT","t":1211420023,"p":"46106.68000000","q":"0.00199000","b":8865739766,"a":8865739838,"T":1641385679987,"m":true,"M":true}
{"e":"trade","E":1641385679989,"s":"BTCUSDT","t":1211420024,"p":"46106.68000000","q":"0.00051000","b":8865739766,"a":8865739839,"T":1641385679989,"m":true,"M":true}
{"e":"trade","E":1641385679990,"s":"BTCUSDT","t":1211420025,"p":"46106.69000000","q":"0.00112000","b":8865739840,"a":8865739807,"T":1641385679989,"m":false,"M":true}
{"e":"trade","E":1641385679990,"s":"BTCUSDT","t":1211420026,"p":"46106.69000000","q":"0.00040000","b":8865739841,"a":8865739807,"T":1641385679990,"m":false,"M":true}
{"e":"trade","E":1641385679993,"s":"BTCUSDT","t":1211420027,"p":"46106.69000000","q":"0.00199000","b":8865739842,"a":8865739807,"T":1641385679992,"m":false,"M":true}
{"e":"trade","E":1641385679993,"s":"BTCUSDT","t":1211420028,"p":"46106.68000000","q":"0.00076000","b":8865739766,"a":8865739843,"T":1641385679993,"m":true,"M":true}
{"e":"trade","E":1641385679994,"s":"BTCUSDT","t":1211420029,"p":"46106.68000000","q":"0.00057000","b":8865739766,"a":8865739844,"T":1641385679994,"m":true,"M":true}
{"e":"trade","E":1641385679995,"s":"BTCUSDT","t":1211420030,"p":"46106.68000000","q":"0.00042000","b":8865739766,"a":8865739845,"T":1641385679994,"m":true,"M":true}
{"e":"trade","E":1641385679995,"s":"BTCUSDT","t":1211420031,"p":"46106.69000000","q":"0.00107000","b":8865739846,"a":8865739807,"T":1641385679995,"m":false,"M":true}
{"e":"trade","E":1641385679995,"s":"BTCUSDT","t":1211420032,"p":"46106.68000000","q":"0.10583000","b":8865739766,"a":8865739847,"T":1641385679995,"m":true,"M":true}
{"e":"trade","E":1641385679995,"s":"BTCUSDT","t":1211420033,"p":"46106.69000000","q":"0.00180000","b":8865739848,"a":8865739807,"T":1641385679995,"m":false,"M":true}
{"e":"trade","E":1641385679996,"s":"BTCUSDT","t":1211420034,"p":"46106.69000000","q":"0.00317000","b":8865739849,"a":8865739807,"T":1641385679996,"m":false,"M":true}
{"e":"trade","E":1641385679997,"s":"BTCUSDT","t":1211420035,"p":"46106.68000000","q":"0.09000000","b":8865739766,"a":8865739850,"T":1641385679997,"m":true,"M":true}
{"e":"trade","E":1641385679998,"s":"BTCUSDT","t":1211420036,"p":"46106.69000000","q":"0.00037000","b":8865739851,"a":8865739807,"T":1641385679998,"m":false,"M":true}
{"e":"trade","E":1641385680001,"s":"BTCUSDT","t":1211420037,"p":"46106.68000000","q":"0.00064000","b":8865739766,"a":8865739852,"T":1641385680000,"m":true,"M":true}
{"e":"trade","E":1641385680001,"s":"BTCUSDT","t":1211420038,"p":"46106.69000000","q":"0.00077000","b":8865739853,"a":8865739807,"T":1641385680001,"m":false,"M":true}
{"e":"trade","E":1641385680001,"s":"BTCUSDT","t":1211420039,"p":"46106.69000000","q":"0.00096000","b":8865739854,"a":8865739807,"T":1641385680001,"m":false,"M":true}
{"e":"trade","E":1641385680001,"s":"BTCUSDT","t":1211420040,"p":"46106.68000000","q":"0.00030000","b":8865739766,"a":8865739855,"T":1641385680001,"m":true,"M":true}
{"e":"trade","E":1641385680001,"s":"BTCUSDT","t":1211420041,"p":"46106.69000000","q":"0.00041000","b":8865739856,"a":8865739807,"T":1641385680001,"m":false,"M":true}
{"e":"trade","E":1641385680003,"s":"BTCUSDT","t":1211420042,"p":"46106.68000000","q":"0.00032000","b":8865739766,"a":8865739857,"T":1641385680002,"m":true,"M":true}
{"e":"trade","E":1641385680003,"s":"BTCUSDT","t":1211420043,"p":"46106.69000000","q":"0.00167000","b":8865739858,"a":8865739807,"T":1641385680003,"m":false,"M":true}
{"e":"trade","E":1641385680004,"s":"BTCUSDT","t":1211420044,"p":"46106.68000000","q":"0.00123000","b":8865739766,"a":8865739859,"T":1641385680003,"m":true,"M":true}
{"e":"trade","E":1641385680004,"s":"BTCUSDT","t":1211420045,"p":"46106.68000000","q":"0.00108000","b":8865739766,"a":8865739860,"T":1641385680004,"m":true,"M":true}
{"e":"trade","E":1641385680008,"s":"BTCUSDT","t":1211420046,"p":"46106.69000000","q":"0.00029000","b":8865739861,"a":8865739807,"T":1641385680008,"m":false,"M":true}
{"e":"trade","E":1641385680011,"s":"BTCUSDT","t":1211420047,"p":"46106.68000000","q":"0.00181000","b":8865739766,"a":8865739862,"T":1641385680011,"m":true,"M":true}
{"e":"trade","E":1641385680012,"s":"BTCUSDT","t":1211420048,"p":"46106.68000000","q":"0.00435000","b":8865739766,"a":8865739863,"T":1641385680011,"m":true,"M":true}
{"e":"trade","E":1641385680012,"s":"BTCUSDT","t":1211420049,"p":"46106.68000000","q":"0.00051000","b":8865739766,"a":8865739864,"T":1641385680012,"m":true,"M":true}
{"e":"trade","E":1641385680013,"s":"BTCUSDT","t":1211420050,"p":"46106.69000000","q":"0.00078000","b":8865739865,"a":8865739807,"T":1641385680012,"m":false,"M":true}
{"e":"trade","E":1641385680016,"s":"BTCUSDT","t":1211420051,"p":"46106.69000000","q":"0.18071000","b":8865739866,"a":8865739807,"T":1641385680015,"m":false,"M":true}
{"e":"trade","E":1641385680016,"s":"BTCUSDT","t":1211420052,"p":"46106.69000000","q":"0.05423000","b":8865739866,"a":8865739820,"T":1641385680015,"m":false,"M":true}
{"e":"trade","E":1641385680016,"s":"BTCUSDT","t":1211420053,"p":"46106.69000000","q":"0.05294000","b":8865739866,"a":8865739824,"T":1641385680015,"m":false,"M":true}
{"e":"trade","E":1641385680016,"s":"BTCUSDT","t":1211420054,"p":"46109.81000000","q":"0.10845000","b":8865739866,"a":8865739826,"T":1641385680015,"m":false,"M":true}
{"e":"trade","E":1641385680016,"s":"BTCUSDT","t":1211420055,"p":"46110.67000000","q":"0.24556000","b":8865739866,"a":8865739818,"T":1641385680015,"m":false,"M":true}
{"e":"trade","E":1641385680016,"s":"BTCUSDT","t":1211420056,"p":"46110.83000000","q":"0.01869000","b":8865739866,"a":8865739761,"T":1641385680015,"m":false,"M":true}
{"e":"trade","E":1641385680016,"s":"BTCUSDT","t":1211420057,"p":"46111.20000000","q":"0.01833000","b":8865739866,"a":8865739774,"T":1641385680015,"m":false,"M":true}
{"e":"trade","E":1641385680016,"s":"BTCUSDT","t":1211420058,"p":"46111.20000000","q":"0.07581000","b":8865739866,"a":8865739799,"T":1641385680015,"m":false,"M":true}
{"e":"trade","E":1641385680016,"s":"BTCUSDT","t":1211420059,"p":"46111.53000000","q":"0.44500000","b":8865739866,"a":8865739737,"T":1641385680015,"m":false,"M":true}
{"e":"trade","E":1641385680016,"s":"BTCUSDT","t":1211420060,"p":"46111.53000000","q":"0.02799000","b":8865739866,"a":8865739738,"T":1641385680015,"m":false,"M":true}
{"e":"trade","E":1641385680016,"s":"BTCUSDT","t":1211420061,"p":"46111.69000000","q":"0.21893000","b":8865739866,"a":8865739816,"T":1641385680015,"m":false,"M":true}
{"e":"trade","E":1641385680016,"s":"BTCUSDT","t":1211420062,"p":"46111.70000000","q":"0.00290000","b":8865739866,"a":8865739548,"T":1641385680015,"m":false,"M":true}
{"e":"trade","E":1641385680016,"s":"BTCUSDT","t":1211420063,"p":"46111.70000000","q":"0.02126000","b":8865739866,"a":8865739580,"T":1641385680015,"m":false,"M":true}
{"e":"trade","E":1641385680016,"s":"BTCUSDT","t":1211420064,"p":"46111.70000000","q":"0.01085000","b":8865739866,"a":8865739708,"T":1641385680015,"m":false,"M":true}
{"e":"trade","E":1641385680016,"s":"BTCUSDT","t":1211420065,"p":"46111.70000000","q":"0.44500000","b":8865739866,"a":8865739727,"T":1641385680015,"m":false,"M":true}
{"e":"trade","E":1641385680016,"s":"BTCUSDT","t":1211420066,"p":"46111.72000000","q":"0.02126000","b":8865739866,"a":8865739581,"T":1641385680015,"m":false,"M":true}
{"e":"trade","E":1641385680016,"s":"BTCUSDT","t":1211420067,"p":"46112.84000000","q":"0.00624000","b":8865739866,"a":8865739111,"T":1641385680015,"m":false,"M":true}
{"e":"trade","E":1641385680016,"s":"BTCUSDT","t":1211420068,"p":"46115.03000000","q":"0.04585000","b":8865739866,"a":8865739537,"T":1641385680015,"m":false,"M":true}
{"e":"trade","E":1641385680017,"s":"BTCUSDT","t":1211420069,"p":"46115.03000000","q":"0.00043000","b":8865739868,"a":8865739537,"T":1641385680016,"m":false,"M":true}
{"e":"trade","E":1641385680020,"s":"BTCUSDT","t":1211420070,"p":"46115.03000000","q":"0.00119000","b":8865739869,"a":8865739537,"T":1641385680019,"m":false,"M":true}
{"e":"trade","E":1641385680027,"s":"BTCUSDT","t":1211420071,"p":"46115.03000000","q":"0.00103000","b":8865739872,"a":8865739537,"T":1641385680026,"m":false,"M":true}
{"e":"trade","E":1641385680032,"s":"BTCUSDT","t":1211420072,"p":"46115.02000000","q":"0.00028000","b":8865739871,"a":8865739880,"T":1641385680031,"m":true,"M":true}
{"e":"trade","E":1641385680498,"s":"BTCUSDT","t":1211420073,"p":"46108.25000000","q":"0.00029000","b":8865739959,"a":8865740010,"T":1641385680498,"m":true,"M":true}
{"e":"trade","E":1641385680498,"s":"BTCUSDT","t":1211420074,"p":"46108.25000000","q":"0.00027000","b":8865739988,"a":8865740010,"T":1641385680498,"m":true,"M":true}
{"e":"trade","E":1641385680498,"s":"BTCUSDT","t":1211420075,"p":"46108.25000000","q":"0.00036000","b":8865739998,"a":8865740010,"T":1641385680498,"m":true,"M":true}
{"e":"trade","E":1641385680498,"s":"BTCUSDT","t":1211420076,"p":"46106.69000000","q":"0.00022000","b":8865739885,"a":8865740010,"T":1641385680498,"m":true,"M":true}
{"e":"trade","E":1641385680506,"s":"BTCUSDT","t":1211420077,"p":"46106.70000000","q":"0.00030000","b":8865740013,"a":8865740012,"T":1641385680506,"m":false,"M":true}
